Date,Unique visitors,Visits,Users,Actions,Maximum actions in one visit,Bounces,Total time spent by visitors (in seconds),Returning Visits,Actions by Returning Visits,Unique returning visitors,Returning Users,Maximum actions in one returning visit,Bounce Rate for Returning Visits,Avg. Actions per Returning Visit,Avg. Duration of a Returning Visit (in sec),Conversions,Visits with Conversions,Revenue,Conversion Rate,Pageviews,Unique Pageviews,Downloads,Unique Downloads,Outlinks,Unique Outlinks,Searches,Unique Keywords,nb_hits_with_time_generation,Avg. generation time,Bounce Rate,Actions per Visit,Avg. Visit Duration (in seconds)
11/1/15,2432,2549,0,8166,330,1402,337314,591,2220,528,0,233,51%,3.8,0:02:45,0,0,0,0%,6557,3362,1024,772,496,421,89,66,5372,1.08s,55%,3.2,0:02:12
11/2/15,4295,4559,0,16432,1145,2338,928955,1298,6802,1151,0,1145,45%,5.2,0:05:15,0,0,0,0%,13439,7148,1757,1369,975,794,261,190,11224,0.93s,51%,3.6,0:03:24
11/3/15,5179,5506,0,19475,1212,2963,1071168,1511,7753,1313,0,1212,47%,5.1,0:05:03,0,0,0,0%,16494,8677,1600,1262,1059,862,322,219,14406,1.1s,54%,3.5,0:03:15
11/4/15,4421,4700,0,18191,2863,2622,829080,1330,5216,1163,0,1082,49%,3.9,0:04:32,0,0,0,0%,12424,6924,4662,2524,863,709,242,161,10435,0.93s,56%,3.9,0:02:56
11/5/15,3641,3852,0,13148,1224,2034,718296,1087,4564,956,0,296,45%,4.2,0:04:42,0,0,0,0%,10677,5859,1484,1175,804,647,183,132,9509,1.26s,53%,3.4,0:03:06
11/6/15,3537,3784,0,13799,1064,2064,706662,1056,4558,907,0,1064,49%,4.3,0:04:45,0,0,0,0%,11389,5317,1499,1171,717,567,194,124,10243,0.99s,55%,3.6,0:03:07
11/7/15,2272,2426,0,6730,108,1423,367269,646,2170,573,0,108,58%,3.4,0:03:38,0,0,0,0%,5247,3091,1045,740,366,315,72,52,4497,1.36s,59%,2.8,0:02:31
11/8/15,2306,2457,0,7053,117,1436,366418,654,2155,577,0,117,57%,3.3,0:03:20,0,0,0,0%,5502,3085,1035,795,420,356,96,63,4667,1.19s,58%,2.9,0:02:29
11/9/15,3612,3854,0,12888,1162,2027,745391,1173,5525,1017,0,1162,47%,4.7,0:05:03,0,0,0,0%,10458,5947,1354,1053,835,684,241,158,9257,0.83s,53%,3.3,0:03:13
11/10/15,3444,3667,0,13519,1171,1916,719256,1054,4396,929,0,358,46%,4.2,0:04:06,0,0,0,0%,11206,5696,1370,1051,727,604,216,157,10235,0.9s,52%,3.7,0:03:16
11/11/15,3426,3637,0,11912,308,1872,626787,1026,3764,912,0,177,48%,3.7,0:03:46,0,0,0,0%,9523,5736,1506,1127,690,553,193,122,8294,0.83s,51%,3.3,0:02:52
11/12/15,3449,3661,0,14103,1190,1872,774852,1085,5234,955,0,1190,46%,4.8,0:05:07,0,0,0,0%,10764,5807,2329,1649,777,628,233,172,9750,0.72s,51%,3.9,0:03:32
11/13/15,3101,3269,0,12137,1074,1704,719126,915,4154,812,0,1074,48%,4.5,0:05:18,0,0,0,0%,9869,5158,1340,1016,642,531,286,186,9082,0.9s,52%,3.7,0:03:40
11/14/15,2059,2184,0,8843,312,1220,406565,522,2764,457,0,312,55%,5.3,0:03:16,0,0,0,0%,7362,2878,1067,771,361,307,53,33,6258,1.43s,56%,4,0:03:06
11/15/15,2199,2329,0,10023,469,1298,344342,581,3554,514,0,469,52%,6.1,0:02:48,0,0,0,0%,8489,3099,1026,762,447,375,61,50,7392,1.46s,56%,4.3,0:02:28
11/16/15,3631,3957,0,20390,1358,2117,771053,1178,6834,938,0,1358,52%,5.8,0:04:57,0,0,0,0%,17620,6126,1657,1322,829,668,284,201,15901,1.57s,54%,5.2,0:03:15
11/17/15,3367,3599,0,17195,1368,1885,741004,1074,5576,927,0,337,46%,5.2,0:04:48,0,0,0,0%,14818,5635,1467,1147,700,571,210,167,13113,1.77s,52%,4.8,0:03:26
11/18/15,3279,3491,0,17223,1381,1867,712122,1070,6566,928,0,1381,48%,6.1,0:04:22,0,0,0,0%,14839,5297,1540,1129,602,501,242,168,12664,1.22s,53%,4.9,0:03:24
11/19/15,3269,3493,0,16637,1177,1850,709308,1005,5199,866,0,312,49%,5.2,0:04:53,0,0,0,0%,14403,5334,1375,1042,639,538,220,156,12316,1.23s,53%,4.8,0:03:23
11/20/15,2845,3067,0,15607,1270,1662,616522,923,4455,770,0,291,50%,4.8,0:03:37,0,0,0,0%,13533,4797,1356,1069,520,431,198,135,12266,1.57s,54%,5.1,0:03:21
11/21/15,1786,1863,0,7527,342,1026,304096,431,2451,391,0,217,54%,5.7,0:03:11,0,0,0,0%,6204,2590,945,677,324,273,54,42,5303,2.31s,55%,4,0:02:43
11/22/15,2229,2342,0,9834,218,1417,300332,475,2360,421,0,218,57%,5,0:02:29,0,0,0,0%,8451,3110,956,723,352,311,75,54,7501,1.21s,61%,4.2,0:02:08
11/23/15,3186,3396,0,14655,1321,1729,729365,972,5322,851,0,1321,48%,5.5,0:05:53,0,0,0,0%,12050,5324,1662,1246,670,572,273,173,10872,0.92s,51%,4.3,0:03:35
11/24/15,2770,2963,0,12672,1269,1580,652992,887,5327,768,0,1269,48%,6,0:06:11,0,0,0,0%,10677,4591,1358,1003,464,404,173,112,9518,1.27s,53%,4.3,0:03:40
11/25/15,2394,2536,0,11369,949,1398,477100,693,3388,616,0,949,53%,4.9,0:05:14,0,0,0,0%,9759,3858,1100,820,375,322,135,103,8719,1.08s,55%,4.5,0:03:08
11/26/15,1530,1622,0,6984,322,946,225297,365,1772,318,0,217,64%,4.9,0:02:32,0,0,0,0%,5896,2129,858,644,195,166,35,28,5359,1.62s,58%,4.3,0:02:19
11/27/15,2516,2662,0,11754,232,1440,406872,597,2929,533,0,232,52%,4.9,0:03:01,0,0,0,0%,10193,3962,1121,752,339,309,101,68,8666,2.08s,54%,4.4,0:02:33
11/28/15,1997,2126,0,9223,328,1222,352418,518,2222,460,0,212,58%,4.3,0:03:25,0,0,0,0%,7900,2703,983,714,275,238,65,48,6985,1.31s,57%,4.3,0:02:46
11/29/15,2034,2128,0,8296,238,1220,289041,485,1675,435,0,164,57%,3.5,0:02:38,0,0,0,0%,6869,2838,956,719,415,343,56,43,6245,1.09s,57%,3.9,0:02:16
11/30/15,3333,3573,0,16335,1271,1847,784690,1031,5922,877,0,1271,44%,5.7,0:06:13,0,0,0,0%,13748,5781,1629,1255,692,555,266,161,11798,0.93s,52%,4.6,0:03:40
12/1/15,4208,4438,0,20859,1186,2417,850025,1144,7544,1011,0,1186,49%,6.6,0:04:58,0,0,0,0%,17999,6767,1904,1488,760,592,196,141,15977,1.24s,54%,4.7,0:03:12
12/2/15,3747,3992,0,17793,1328,2174,790650,1103,5483,951,0,333,46%,5,0:05:01,0,0,0,0%,15189,6330,1758,1352,636,527,210,151,13543,1.2s,54%,4.5,0:03:18
12/3/15,3308,3553,0,14516,1258,1803,765743,1070,5924,922,0,1258,47%,5.5,0:05:59,0,0,0,0%,11965,5665,1583,1211,749,584,219,153,10831,0.97s,51%,4.1,0:03:36
12/4/15,2909,3152,0,12559,908,1632,652683,942,4906,784,0,908,46%,5.2,0:05:22,0,0,0,0%,10509,4869,1263,962,565,473,222,156,9401,1.31s,52%,4,0:03:27
12/5/15,1757,1879,0,6858,220,1033,299054,511,1609,435,0,111,57%,3.1,0:03:32,0,0,0,0%,5564,2465,889,621,327,267,78,61,4716,2s,55%,3.6,0:02:39
12/6/15,1817,1941,0,6863,213,1073,313264,497,1515,432,0,109,57%,3,0:03:38,0,0,0,0%,5541,2554,865,649,354,299,103,70,4967,1.14s,55%,3.5,0:02:41
12/7/15,2797,2968,0,13059,598,1525,574469,899,5154,788,0,598,47%,5.7,0:05:05,0,0,0,0%,11093,4665,1218,940,596,510,152,105,9864,1.54s,51%,4.4,0:03:14
12/8/15,3517,3789,0,17720,1151,1880,828348,1165,6080,1004,0,392,42%,5.2,0:04:52,0,0,0,0%,15176,6176,1643,1285,665,555,236,170,13801,1.64s,50%,4.7,0:03:39
12/9/15,3251,3502,0,15384,1014,1798,727231,1069,4952,911,0,425,46%,4.6,0:04:49,0,0,0,0%,13126,5462,1439,1114,613,503,206,149,11873,1.08s,51%,4.4,0:03:28
12/10/15,3246,3449,0,15435,1115,1778,785753,1047,4729,923,0,340,45%,4.5,0:05:33,0,0,0,0%,12940,5408,1606,1185,662,529,227,147,11371,1s,52%,4.5,0:03:48
12/11/15,2851,3040,0,14009,939,1602,672813,912,5233,793,0,939,47%,5.7,0:06:21,0,0,0,0%,11982,4686,1274,965,549,451,204,114,10957,2.05s,53%,4.6,0:03:41
12/12/15,1851,1985,0,7340,227,1149,322393,534,2302,463,0,227,57%,4.3,0:03:31,0,0,0,0%,6131,2644,854,619,311,251,44,38,5509,2.33s,58%,3.7,0:02:42
12/13/15,2034,2146,0,13299,436,1187,324540,491,3470,429,0,436,54%,7.1,0:03:05,0,0,0,0%,11836,2859,1006,772,368,307,89,62,10031,1.98s,55%,6.2,0:02:31
12/14/15,3785,4062,0,18361,1151,2113,804606,1148,6582,979,0,1151,44%,5.7,0:05:14,0,0,0,0%,15745,6149,1497,1209,834,670,285,176,13937,1.07s,52%,4.5,0:03:18
12/15/15,3189,3391,0,16278,1205,1774,686283,1045,7000,915,0,1205,47%,6.7,0:05:19,0,0,0,0%,13981,5361,1369,1082,684,569,244,158,12480,1.3s,52%,4.8,0:03:22
12/16/15,3169,3388,0,17256,1346,1686,742888,1021,7616,885,0,1346,43%,7.5,0:06:06,0,0,0,0%,14836,5642,1463,1072,701,569,256,182,13819,1.16s,50%,5.1,0:03:39
12/17/15,3225,3467,0,17407,1215,1840,639285,1049,8314,901,0,1215,43%,7.9,0:05:15,0,0,0,0%,15243,5340,1270,977,653,557,241,155,13782,1.07s,53%,5,0:03:04
12/18/15,2648,2809,0,14327,1156,1506,532148,837,5197,737,0,344,48%,6.2,0:04:00,0,0,0,0%,12348,4334,1312,1005,513,438,154,121,11219,1.15s,54%,5.1,0:03:09
12/19/15,1773,1884,0,8045,235,1091,310685,456,2121,406,0,222,53%,4.7,0:03:52,0,0,0,0%,6946,2537,723,537,297,255,79,46,6282,1.15s,58%,4.3,0:02:45
12/20/15,1769,1869,0,8943,227,1042,281463,435,2615,379,0,227,54%,6,0:02:47,0,0,0,0%,7685,2545,892,647,299,260,67,44,6630,1.27s,56%,4.8,0:02:31
12/21/15,2877,3078,0,12961,1200,1533,645998,944,5205,827,0,1200,42%,5.5,0:05:34,0,0,0,0%,10853,4891,1340,1006,572,479,196,138,9598,1.23s,50%,4.2,0:03:30
12/22/15,2841,3036,0,14150,1065,1651,553327,899,5623,768,0,1065,46%,6.3,0:04:50,0,0,0,0%,12078,4734,1359,1023,501,425,212,153,11204,1.17s,54%,4.7,0:03:02
12/23/15,2475,2653,0,12411,996,1399,522650,769,4809,662,0,996,50%,6.3,0:05:36,0,0,0,0%,10734,4146,1068,775,486,403,123,88,9933,1.08s,53%,4.7,0:03:17
12/24/15,1880,1993,0,9120,357,1084,319851,519,2317,460,0,246,52%,4.5,0:02:47,0,0,0,0%,7948,3015,800,581,272,238,100,64,7323,1.23s,54%,4.6,0:02:40
12/25/15,1673,1739,0,6232,228,1035,182142,306,807,286,0,124,59%,2.6,0:01:45,0,0,0,0%,5383,2305,622,430,185,166,42,24,4756,2.24s,60%,3.6,0:01:45
12/26/15,2029,2145,0,9465,476,1202,303793,474,3190,428,0,476,57%,6.7,0:03:23,0,0,0,0%,8243,2927,869,598,304,259,49,35,7465,1.3s,56%,4.4,0:02:22
12/27/15,2253,2369,0,10687,551,1340,319147,497,1868,440,0,133,55%,3.8,0:03:11,0,0,0,0%,9298,3243,917,642,401,343,71,52,8023,1.4s,57%,4.5,0:02:15
12/28/15,3856,4127,0,18152,908,2150,724573,1088,6100,948,0,365,45%,5.6,0:04:04,0,0,0,0%,15657,6552,1552,1180,747,632,196,138,14264,1.01s,52%,4.4,0:02:56
12/29/15,3751,4060,0,18807,1092,2091,774173,1125,6307,954,0,1092,47%,5.6,0:04:47,0,0,0,0%,15988,6406,1746,1315,775,637,298,184,14443,1.11s,52%,4.6,0:03:11
12/30/15,3526,3755,0,15644,1111,1895,666264,1034,5567,900,0,1111,47%,5.4,0:04:38,0,0,0,0%,13275,5838,1427,1106,732,599,210,145,12071,1.13s,50%,4.2,0:02:57
12/31/15,2860,3079,0,12231,977,1634,563173,907,4518,781,0,977,50%,5,0:04:37,0,0,0,0%,10428,4624,1190,862,479,391,134,102,9283,1.17s,53%,4,0:03:03
1/1/16,2630,2805,0,10699,235,1560,416496,637,2205,560,0,207,57%,3.5,0:03:08,0,0,0,0%,8980,3956,1140,799,444,381,135,77,8222,1.2s,56%,3.8,0:02:28
1/2/16,2522,2669,0,9753,221,1494,344710,639,2224,568,0,112,54%,3.5,0:02:52,0,0,0,0%,8210,3652,1038,753,409,344,96,58,7151,1.26s,56%,3.7,0:02:09
1/3/16,2521,2664,0,12115,399,1419,397474,647,3408,575,0,399,51%,5.3,0:03:29,0,0,0,0%,10353,3802,1193,911,446,396,123,85,9106,1.38s,53%,4.5,0:02:29
1/4/16,3979,4295,0,18341,1547,2170,769791,1322,7091,1130,0,1547,44%,5.4,0:03:59,0,0,0,0%,15486,7168,1565,1221,962,818,328,200,13903,1.07s,51%,4.3,0:02:59
1/5/16,4261,4580,0,21446,1712,2300,860888,1340,8664,1139,0,1712,44%,6.5,0:05:09,0,0,0,0%,18317,7623,1710,1301,997,840,422,251,17237,0.96s,50%,4.7,0:03:08
1/6/16,3931,4218,0,18734,1529,2117,802837,1271,6792,1094,0,472,45%,5.3,0:04:05,0,0,0,0%,15921,7197,1625,1207,850,687,338,196,14849,1.13s,50%,4.4,0:03:10
1/7/16,4173,4456,0,22970,2034,2212,880416,1370,10232,1205,0,2034,42%,7.5,0:05:01,0,0,0,0%,19939,7632,1881,1443,852,705,298,210,18408,1.29s,50%,5.2,0:03:18
1/8/16,3606,3861,0,16151,1588,1981,722464,1160,6698,1018,0,1588,46%,5.8,0:04:31,0,0,0,0%,13719,6407,1455,1134,719,580,258,165,12454,1s,51%,4.2,0:03:07
1/9/16,2327,2497,0,9932,341,1367,400874,678,3306,581,0,331,57%,4.9,0:03:00,0,0,0,0%,8430,3638,919,668,440,367,143,92,7709,1.21s,55%,4,0:02:41
1/10/16,2395,2537,0,6803,108,1398,398769,627,1809,552,0,108,54%,2.9,0:02:59,0,0,0,0%,5233,3721,1066,744,399,351,105,71,4719,0.76s,55%,2.7,0:02:37
1/11/16,3823,4066,0,13735,1575,2051,819245,1195,4492,1052,0,442,45%,3.8,0:05:14,0,0,0,0%,11208,7017,1348,1044,850,668,329,228,10227,0.62s,50%,3.4,0:03:21
1/12/16,3700,3935,0,12777,1288,2035,764795,1097,5469,956,0,1288,46%,5,0:05:26,0,0,0,0%,10188,6542,1540,1186,783,628,266,189,9343,0.61s,52%,3.2,0:03:14
1/13/16,3704,3952,0,12937,1398,2016,821015,1147,4073,1007,0,503,47%,3.6,0:04:36,0,0,0,0%,10244,6507,1555,1216,833,655,305,199,9334,0.6s,51%,3.3,0:03:28
1/14/16,3590,3835,0,12975,1411,1933,798039,1090,5371,956,0,1411,46%,4.9,0:05:55,0,0,0,0%,10166,6423,1687,1310,838,669,284,192,9241,0.61s,50%,3.4,0:03:28
1/15/16,3417,3660,0,12822,1353,1816,780416,1083,3519,934,0,341,48%,3.2,0:04:24,0,0,0,0%,9642,6149,2102,1739,824,651,254,173,8729,0.61s,50%,3.5,0:03:33
1/16/16,2340,2499,0,6356,83,1383,416122,646,1673,562,0,56,55%,2.6,0:03:54,0,0,0,0%,4759,3560,1073,770,436,358,88,57,4286,0.81s,55%,2.5,0:02:47
1/17/16,2408,2567,0,6381,49,1428,347276,598,1481,517,0,48,54%,2.5,0:03:14,0,0,0,0%,4830,3564,1011,724,412,343,128,95,4236,0.79s,56%,2.5,0:02:15
1/18/16,3395,3626,0,10013,59,1822,557076,937,2788,798,0,36,45%,3,0:03:24,0,0,0,0%,7503,5678,1522,1138,756,579,232,159,6666,0.71s,50%,2.8,0:02:34
1/19/16,3826,4110,0,14958,1613,2013,846709,1267,5948,1095,0,1613,44%,4.7,0:04:49,0,0,0,0%,10970,7061,2707,2214,939,752,342,218,9936,0.62s,49%,3.6,0:03:26
1/20/16,3884,4147,0,14091,1506,2043,857073,1256,5994,1103,0,1506,43%,4.8,0:05:11,0,0,0,0%,11199,7115,1657,1249,889,735,346,232,10333,0.6s,49%,3.4,0:03:27
1/21/16,3691,3930,0,13443,1496,1920,793803,1171,5712,1020,0,1496,45%,4.9,0:05:07,0,0,0,0%,10517,6678,1792,1315,858,713,276,186,9581,0.62s,49%,3.4,0:03:22
1/22/16,3253,3501,0,11852,1301,1715,767026,1138,4905,975,0,1301,45%,4.3,0:04:46,0,0,0,0%,9487,5933,1277,951,807,663,281,182,8633,0.63s,49%,3.4,0:03:39
1/23/16,2110,2251,0,5974,68,1216,310310,608,1672,536,0,68,53%,2.8,0:03:50,0,0,0,0%,4856,3442,610,484,407,336,101,75,4396,0.92s,54%,2.7,0:02:18
1/24/16,2232,2372,0,6210,46,1226,381565,595,1657,511,0,34,48%,2.8,0:03:01,0,0,0,0%,4624,3472,1010,738,451,390,125,90,4176,0.81s,52%,2.6,0:02:41
1/25/16,3764,4023,0,13652,1215,1892,783613,1208,5668,1056,0,1215,42%,4.7,0:05:01,0,0,0,0%,10845,7023,1491,1124,970,824,346,217,9899,0.62s,47%,3.4,0:03:15
1/26/16,3943,4209,0,13904,1394,2093,849247,1263,4413,1091,0,456,44%,3.5,0:04:26,0,0,0,0%,10835,7046,1806,1416,963,764,300,213,9810,0.62s,50%,3.3,0:03:22
1/27/16,3195,3423,0,12263,1357,1537,772176,1085,5591,937,0,1357,42%,5.2,0:05:37,0,0,0,0%,9627,6016,1531,1181,799,663,306,196,8870,0.58s,45%,3.6,0:03:46
1/28/16,3033,3239,0,11323,1243,1498,745175,903,3414,790,0,428,43%,3.8,0:05:04,0,0,0,0%,8676,5463,1692,1261,683,582,272,177,7818,0.62s,46%,3.5,0:03:50
1/29/16,2928,3162,0,10379,1134,1575,632424,975,4652,845,0,1134,46%,4.8,0:05:09,0,0,0,0%,8265,5271,1205,932,698,558,211,143,7511,0.59s,50%,3.3,0:03:20
1/30/16,2183,2323,0,6673,73,1234,385417,550,1788,476,0,73,48%,3.3,0:03:43,0,0,0,0%,5106,3647,1003,746,452,403,112,73,4522,0.71s,53%,2.9,0:02:46
1/31/16,2416,2566,0,7226,74,1332,431586,618,2069,550,0,74,46%,3.3,0:03:17,0,0,0,0%,5449,4008,1129,799,524,431,124,86,4801,0.67s,52%,2.8,0:02:48
2/1/16,4057,4339,0,14310,1304,2213,894734,1225,5734,1057,0,1304,41%,4.7,0:05:05,0,0,0,0%,11227,7264,1842,1404,907,716,334,213,10325,0.62s,51%,3.3,0:03:26
2/2/16,3659,3944,0,13649,1337,1865,826487,1231,4884,1049,0,449,39%,4,0:04:39,0,0,0,0%,10809,6868,1651,1232,828,671,361,256,9784,0.6s,47%,3.5,0:03:30
2/3/16,3560,3838,0,16603,2836,1781,829731,1233,6043,1065,0,1432,39%,4.9,0:04:50,0,0,0,0%,10701,6678,4621,2503,908,735,373,223,9861,0.58s,46%,4.3,0:03:36
2/4/16,3505,3777,0,13740,1479,1756,818966,1155,4666,998,0,371,38%,4,0:04:51,0,0,0,0%,10986,6843,1474,1107,954,739,326,195,10013,0.62s,46%,3.6,0:03:37
2/5/16,3072,3308,0,11526,1176,1610,738853,995,4972,866,0,1176,42%,5,0:05:40,0,0,0,0%,9312,5824,1177,927,788,637,249,181,8415,0.63s,49%,3.5,0:03:43
2/6/16,2235,2345,0,6425,75,1230,349475,557,1673,505,0,43,48%,3,0:03:03,0,0,0,0%,4917,3555,914,673,454,377,140,75,4387,0.79s,52%,2.7,0:02:29
2/7/16,2206,2338,0,6055,33,1315,356442,559,1439,500,0,23,53%,2.6,0:02:42,0,0,0,0%,4591,3478,921,706,423,351,120,80,4110,0.75s,56%,2.6,0:02:32
2/8/16,3579,3849,0,12833,1317,1903,785262,1180,5441,1027,0,1317,44%,4.6,0:05:04,0,0,0,0%,10266,6654,1417,1136,851,716,299,198,9449,0.68s,49%,3.3,0:03:24
2/9/16,3516,3765,0,12868,1298,1865,780804,1155,4025,1014,0,171,40%,3.5,0:04:19,0,0,0,0%,10277,6471,1525,1237,822,676,244,172,9425,0.61s,50%,3.4,0:03:27
2/10/16,3583,3843,0,13380,1350,1852,816182,1188,4604,1035,0,527,41%,3.9,0:04:36,0,0,0,0%,10717,6666,1453,1131,862,692,348,224,9777,0.59s,48%,3.5,0:03:32
2/11/16,3570,3823,0,12778,1240,1874,801925,1159,5255,1003,0,1240,43%,4.5,0:05:05,0,0,0,0%,9968,6458,1638,1301,867,705,305,190,9130,0.57s,49%,3.3,0:03:30
2/12/16,3262,3498,0,11466,1004,1715,729511,1046,4853,912,0,1004,44%,4.6,0:05:22,0,0,0,0%,9052,5921,1378,1099,769,621,267,169,8290,0.6s,49%,3.3,0:03:29
2/13/16,2613,2792,0,7297,108,1558,452079,677,1967,593,0,108,52%,2.9,0:03:21,0,0,0,0%,5542,3999,1201,955,435,389,119,72,4950,0.77s,56%,2.6,0:02:42
2/14/16,2701,2878,0,7215,54,1664,402189,648,1759,573,0,54,53%,2.7,0:03:11,0,0,0,0%,5621,4214,1078,831,417,371,99,73,5086,0.78s,58%,2.5,0:02:20
2/15/16,3856,4111,0,12064,83,2103,681146,1107,3829,968,0,83,43%,3.5,0:03:43,0,0,0,0%,9425,6946,1573,1247,769,655,297,170,8417,0.66s,51%,2.9,0:02:46
2/16/16,4007,4301,0,14552,1214,2106,895881,1245,6031,1080,0,1214,40%,4.8,0:05:27,0,0,0,0%,11489,7300,1896,1437,855,714,312,196,10332,0.58s,49%,3.4,0:03:28
2/17/16,3759,4012,0,13110,1186,1975,800121,1183,5305,1040,0,1186,42%,4.5,0:04:58,0,0,0,0%,10287,6616,1639,1279,892,704,292,183,9309,0.63s,49%,3.3,0:03:19
2/18/16,4010,4297,0,14133,1192,2139,859866,1299,5934,1127,0,1192,43%,4.6,0:04:59,0,0,0,0%,11414,7410,1553,1223,862,718,304,195,10423,0.61s,50%,3.3,0:03:20
2/19/16,3483,3732,0,12006,1022,1873,774424,1097,5033,953,0,1022,44%,4.6,0:05:40,0,0,0,0%,9615,6252,1361,1065,770,624,260,179,8723,0.63s,50%,3.2,0:03:28
2/20/16,2414,2564,0,6532,42,1427,381143,619,1628,551,0,42,52%,2.6,0:03:05,0,0,0,0%,4999,3650,950,729,429,370,154,98,4468,0.9s,56%,2.5,0:02:29
2/21/16,2645,2784,0,7026,47,1564,382901,642,1782,586,0,40,52%,2.8,0:02:42,0,0,0,0%,5328,4012,1101,852,447,390,150,103,4780,0.77s,56%,2.5,0:02:18
2/22/16,4334,4683,0,16391,1850,2405,866663,1434,6148,1226,0,1184,45%,4.3,0:04:35,0,0,0,0%,11438,7568,3540,2405,1120,836,293,182,10458,0.61s,51%,3.5,0:03:05
2/23/16,4190,4538,0,15013,1075,2196,871838,1434,4638,1217,0,129,42%,3.2,0:03:34,0,0,0,0%,11882,7866,1826,1421,911,762,394,244,10856,0.55s,48%,3.3,0:03:12
2/24/16,3893,4222,0,13635,1243,2074,852644,1342,5935,1124,0,1243,43%,4.4,0:05:04,0,0,0,0%,10668,6954,1668,1294,923,758,376,218,9776,0.59s,49%,3.2,0:03:22
2/25/16,3696,3982,0,12913,1165,1946,789514,1271,5084,1100,0,1165,44%,4,0:04:24,0,0,0,0%,10298,6624,1477,1171,892,703,246,178,9480,0.6s,49%,3.2,0:03:18
2/26/16,3436,3696,0,11629,1036,1886,762940,1084,3714,950,0,304,47%,3.4,0:04:41,0,0,0,0%,9284,5991,1367,1104,740,588,238,171,8558,0.65s,51%,3.1,0:03:26
2/27/16,2463,2618,0,6632,53,1421,423400,706,1887,613,0,40,51%,2.7,0:03:19,0,0,0,0%,5000,3695,1064,801,466,398,102,70,4421,0.84s,54%,2.5,0:02:42
2/28/16,2577,2778,0,7199,68,1531,426129,722,2021,617,0,38,50%,2.8,0:03:18,0,0,0,0%,5414,4004,1133,888,540,475,112,73,4892,0.7s,55%,2.6,0:02:33
2/29/16,4235,4567,0,17689,2755,2200,916084,1365,5490,1182,0,1361,44%,4,0:03:53,0,0,0,0%,11776,7720,4601,2550,991,787,321,240,10760,0.6s,48%,3.9,0:03:21
3/1/16,3835,4160,0,14988,1450,2024,899316,1357,6347,1154,0,1450,45%,4.7,0:04:54,0,0,0,0%,10990,7023,2734,1788,933,783,331,225,9958,0.58s,49%,3.6,0:03:36
3/2/16,4891,5238,0,16474,1320,2711,993641,1539,5697,1341,0,400,44%,3.7,0:04:19,0,0,0,0%,13092,8602,1981,1568,1087,881,314,199,12079,0.61s,52%,3.1,0:03:10
3/3/16,4586,4877,0,16539,1754,2459,1137736,1398,6796,1226,0,1754,43%,4.9,0:05:15,0,0,0,0%,12126,7712,3106,2620,976,768,331,205,11113,0.64s,50%,3.4,0:03:53
3/4/16,3902,4205,0,13161,1120,2110,850712,1278,5476,1092,0,1120,44%,4.3,0:05:09,0,0,0,0%,10254,6695,1845,1491,828,675,234,156,9329,0.62s,50%,3.1,0:03:22
3/5/16,2677,2854,0,9380,1948,1548,431036,703,1966,605,0,108,52%,2.8,0:02:40,0,0,0,0%,5643,4116,3076,2010,552,437,109,72,5140,0.8s,54%,3.3,0:02:31
3/6/16,2669,2842,0,7536,55,1576,444397,716,1762,629,0,34,57%,2.5,0:02:28,0,0,0,0%,5582,4117,1298,1021,530,453,126,93,5030,0.74s,55%,2.7,0:02:36
3/7/16,4353,4738,0,15340,1364,2410,969915,1483,4851,1247,0,148,44%,3.3,0:03:46,0,0,0,0%,12099,7824,1959,1540,960,794,322,213,11029,0.65s,51%,3.2,0:03:25
3/8/16,4431,4798,0,15615,1260,2391,1006359,1496,5310,1268,0,314,43%,3.5,0:04:19,0,0,0,0%,12213,8025,2125,1652,921,788,356,213,11178,0.66s,50%,3.3,0:03:30
3/9/16,4358,4723,0,15284,1192,2373,1008493,1513,6256,1290,0,1192,45%,4.1,0:04:27,0,0,0,0%,11875,7812,2199,1734,925,759,285,187,10868,0.63s,50%,3.2,0:03:34
3/10/16,4264,4583,0,16173,1936,2338,933298,1396,6084,1206,0,1295,45%,4.4,0:04:58,0,0,0,0%,10977,7066,4021,2814,911,735,264,178,10118,0.68s,51%,3.5,0:03:24
3/11/16,3999,4295,0,12935,1171,2357,813217,1300,5568,1119,0,1171,48%,4.3,0:04:47,0,0,0,0%,10189,6674,1698,1373,764,639,284,180,9254,0.66s,55%,3,0:03:09
3/12/16,3135,3412,0,7751,43,2046,440332,918,2027,771,0,18,59%,2.2,0:02:16,0,0,0,0%,5888,4419,1279,1022,486,399,98,67,5263,0.89s,60%,2.3,0:02:09
3/13/16,2916,3098,0,7506,117,1764,443835,719,1754,619,0,44,53%,2.4,0:02:40,0,0,0,0%,5458,4074,1498,1186,491,430,59,47,4803,0.76s,57%,2.4,0:02:23
3/14/16,4540,4888,0,15363,1122,2564,946043,1459,5000,1248,0,302,45%,3.4,0:04:01,0,0,0,0%,11604,7703,2512,1822,909,740,338,231,10494,0.66s,52%,3.1,0:03:14
3/15/16,4465,4798,0,17421,1888,2421,920549,1386,6204,1193,0,851,45%,4.5,0:04:40,0,0,0,0%,11591,7654,4612,3399,940,810,278,185,10548,0.63s,50%,3.6,0:03:12
3/16/16,5032,5393,0,15851,1295,2759,976927,1479,4917,1279,0,358,42%,3.3,0:04:12,0,0,0,0%,12098,8174,2339,1884,1121,939,293,188,11019,0.66s,51%,2.9,0:03:01
3/17/16,4724,5088,0,12953,878,2865,746410,1293,4519,1119,0,878,51%,3.5,0:03:51,0,0,0,0%,9574,6693,2181,1746,986,802,212,120,8734,0.73s,56%,2.5,0:02:27
3/18/16,3733,4032,0,11837,985,2123,850213,1217,4609,1045,0,985,50%,3.8,0:04:21,0,0,0,0%,8892,5850,2045,1695,667,557,233,131,8196,0.7s,53%,2.9,0:03:31
3/19/16,2788,2970,0,7262,53,1724,471545,775,1913,692,0,34,58%,2.5,0:02:51,0,0,0,0%,5379,3883,1396,1123,399,350,88,62,4821,0.85s,58%,2.4,0:02:39
3/20/16,2709,2866,0,9458,1950,1586,436054,702,1863,627,0,48,55%,2.7,0:02:53,0,0,0,0%,5637,4065,3255,2209,454,394,112,79,5080,0.74s,55%,3.3,0:02:32
3/21/16,4143,4484,0,14165,1062,2284,917260,1434,5961,1237,0,1062,44%,4.2,0:04:58,0,0,0,0%,11116,7367,1900,1577,831,695,318,215,10231,0.64s,51%,3.2,0:03:25
3/22/16,4254,4587,0,14217,1198,2383,923796,1344,5907,1153,0,1198,43%,4.4,0:05:19,0,0,0,0%,11010,7236,2057,1665,837,679,313,229,10101,0.61s,52%,3.1,0:03:21
3/23/16,3838,4144,0,13443,679,2064,793658,1372,4995,1172,0,252,45%,3.6,0:03:50,0,0,0,0%,10406,6896,1835,1478,887,710,315,208,9605,0.63s,50%,3.2,0:03:12
3/24/16,3774,4080,0,12984,1048,2097,850786,1319,4417,1140,0,123,45%,3.3,0:04:02,0,0,0,0%,10023,6499,1918,1518,761,609,282,188,9214,0.61s,51%,3.2,0:03:29
3/25/16,3145,3423,0,12579,1929,1776,739117,1098,4651,930,0,975,47%,4.2,0:05:34,0,0,0,0%,8278,5265,3403,2299,654,531,244,137,7598,0.65s,52%,3.7,0:03:36
3/26/16,2610,2804,0,6818,44,1669,404845,741,2063,653,0,41,54%,2.8,0:03:00,0,0,0,0%,5022,3663,1289,1060,407,352,100,64,4476,0.76s,60%,2.4,0:02:24
3/27/16,2385,2555,0,6508,93,1441,433338,672,1729,579,0,49,56%,2.6,0:02:55,0,0,0,0%,4678,3445,1371,1039,372,309,87,57,4176,0.81s,56%,2.5,0:02:50
3/28/16,4152,4534,0,14383,1106,2233,943566,1420,5859,1188,0,1106,45%,4.1,0:04:58,0,0,0,0%,11136,7358,2021,1615,885,718,341,235,10187,0.66s,49%,3.2,0:03:28
3/29/16,4513,4886,0,14884,1117,2442,983742,1525,6421,1292,0,1117,42%,4.2,0:04:56,0,0,0,0%,11424,7479,2130,1674,1069,844,261,182,10539,0.65s,50%,3,0:03:21
3/30/16,4312,4681,0,14985,1116,2300,964868,1521,6224,1310,0,1116,42%,4.1,0:04:41,0,0,0,0%,11577,7610,2044,1613,963,776,401,246,10546,0.64s,49%,3.2,0:03:26
3/31/16,4169,4501,0,14596,998,2274,937385,1455,5300,1260,0,331,41%,3.6,0:04:34,0,0,0,0%,11487,7387,1943,1540,857,707,309,204,10542,0.62s,51%,3.2,0:03:28
4/1/16,3551,3878,0,12392,1087,1938,754826,1272,5101,1082,0,1087,45%,4,0:04:04,0,0,0,0%,9663,6236,1688,1274,777,640,264,162,8867,0.63s,50%,3.2,0:03:15
4/2/16,2665,2866,0,7091,53,1594,388803,781,1913,677,0,30,56%,2.4,0:02:45,0,0,0,0%,5299,3891,1302,1031,393,349,97,67,4753,0.94s,56%,2.5,0:02:16
4/3/16,2615,2773,0,7164,34,1484,448049,717,1971,642,0,29,51%,2.7,0:03:10,0,0,0,0%,5294,3903,1254,931,510,409,106,86,4666,0.76s,54%,2.6,0:02:42
4/4/16,4128,4465,0,13873,965,2287,912214,1441,6229,1224,0,965,43%,4.3,0:05:09,0,0,0,0%,10653,7009,1970,1540,944,775,306,208,9786,0.64s,51%,3.1,0:03:24
4/5/16,4179,4519,0,14941,1212,2227,947630,1450,6711,1235,0,1212,42%,4.6,0:05:01,0,0,0,0%,11430,7333,2194,1784,953,735,364,221,10589,0.6s,49%,3.3,0:03:30
4/6/16,3879,4215,0,13212,1002,2100,898603,1370,5497,1171,0,1002,45%,4,0:05:05,0,0,0,0%,10289,6831,1781,1364,915,737,227,154,9503,0.63s,50%,3.1,0:03:33
4/7/16,3883,4212,0,13623,1076,2102,905377,1336,5401,1154,0,1076,46%,4,0:04:31,0,0,0,0%,10678,6906,1761,1380,916,739,268,181,9883,0.65s,50%,3.2,0:03:35
4/8/16,3422,3681,0,11157,520,1863,646154,1140,4428,991,0,520,44%,3.9,0:03:41,0,0,0,0%,8731,5760,1540,1208,673,561,213,147,8085,0.63s,51%,3,0:02:56
4/9/16,2360,2554,0,6841,48,1359,438735,674,1983,565,0,48,50%,2.9,0:03:31,0,0,0,0%,5125,3722,1110,854,519,402,87,56,4671,0.79s,53%,2.7,0:02:52
4/10/16,2446,2615,0,7001,58,1425,445612,725,2007,625,0,52,51%,2.8,0:03:08,0,0,0,0%,5198,3763,1201,907,476,382,126,96,4718,0.74s,54%,2.7,0:02:50
4/11/16,4094,4419,0,14696,593,2056,831360,1506,5810,1303,0,255,40%,3.9,0:03:20,0,0,0,0%,10817,7376,2630,1583,948,795,301,212,9949,0.63s,47%,3.3,0:03:08
4/12/16,4017,4324,0,13533,579,2042,813921,1466,5817,1280,0,579,40%,4,0:03:52,0,0,0,0%,10422,7010,1906,1489,958,809,247,176,9575,0.67s,47%,3.1,0:03:08
4/13/16,3737,4011,0,12974,301,1920,770507,1342,5234,1171,0,301,43%,3.9,0:04:09,0,0,0,0%,10167,6688,1697,1331,839,707,271,193,9415,0.63s,48%,3.2,0:03:12
4/14/16,3711,4039,0,13388,634,1940,757351,1387,5693,1177,0,634,43%,4.1,0:03:29,0,0,0,0%,10459,6888,1862,1427,810,691,257,175,9620,0.61s,48%,3.3,0:03:08
4/15/16,3336,3594,0,11380,356,1732,610116,1232,4781,1074,0,356,42%,3.9,0:03:33,0,0,0,0%,8987,6020,1394,1119,759,640,240,165,8246,0.72s,48%,3.2,0:02:50
4/16/16,2357,2537,0,6506,51,1392,413857,683,1735,592,0,36,53%,2.5,0:02:28,0,0,0,0%,4779,3472,1152,889,471,377,104,73,4283,0.89s,55%,2.6,0:02:43
4/17/16,2402,2582,0,6551,47,1415,391608,742,1963,654,0,37,52%,2.6,0:03:07,0,0,0,0%,4749,3538,1165,939,550,450,87,63,4401,0.79s,55%,2.5,0:02:32
4/18/16,3896,4210,0,13976,729,1969,870224,1456,6079,1250,0,729,40%,4.2,0:04:38,0,0,0,0%,10952,7128,1782,1406,954,784,288,189,10142,0.64s,47%,3.3,0:03:27
4/19/16,4146,4446,0,13949,550,2173,864102,1434,5753,1247,0,550,42%,4,0:04:32,0,0,0,0%,10774,7246,2016,1583,879,728,280,183,9949,0.67s,49%,3.1,0:03:14
4/20/16,3619,3916,0,12564,340,1928,780973,1363,5477,1165,0,340,40%,4,0:04:19,0,0,0,0%,9856,6597,1692,1364,782,654,234,171,9175,0.61s,49%,3.2,0:03:19
4/21/16,3686,3992,0,12928,489,1949,804888,1315,5290,1130,0,489,43%,4,0:04:07,0,0,0,0%,9944,6519,1782,1444,910,730,292,184,9146,0.63s,49%,3.2,0:03:22
4/22/16,3928,4284,0,13063,461,2213,820056,1345,5375,1124,0,461,47%,4,0:04:25,0,0,0,0%,10287,6902,1676,1299,836,670,264,176,9475,0.64s,52%,3,0:03:11
4/23/16,2575,2749,0,6456,37,1590,391873,758,1863,651,0,37,55%,2.5,0:03:21,0,0,0,0%,4770,3592,1158,872,417,362,111,75,4369,0.84s,58%,2.3,0:02:23
4/24/16,2771,2947,0,7123,63,1787,433369,761,2102,676,0,63,54%,2.8,0:02:38,0,0,0,0%,5366,3966,1235,982,452,381,70,48,4861,0.86s,61%,2.4,0:02:27
4/25/16,4458,4812,0,14762,658,2530,914453,1521,6019,1315,0,658,44%,4,0:04:05,0,0,0,0%,11492,7882,2041,1610,928,780,301,205,10646,0.63s,53%,3.1,0:03:10
4/26/16,4235,4540,0,14113,967,2405,897444,1448,4649,1256,0,88,48%,3.2,0:03:50,0,0,0,0%,10944,7192,2022,1568,816,686,331,195,10229,0.67s,53%,3.1,0:03:18
4/27/16,4127,4459,0,14326,225,2179,817803,1485,6089,1284,0,225,41%,4.1,0:03:34,0,0,0,0%,11134,7400,1914,1515,955,762,323,225,10389,0.62s,49%,3.2,0:03:03
4/28/16,3903,4225,0,14096,1109,2132,846790,1442,6380,1227,0,1109,41%,4.4,0:04:35,0,0,0,0%,10963,7034,1870,1491,860,705,403,239,10220,0.61s,50%,3.3,0:03:20
4/29/16,3394,3655,0,11863,671,1838,754447,1187,5093,1027,0,671,41%,4.3,0:05:03,0,0,0,0%,8939,5920,1875,1487,704,604,345,184,8311,0.63s,50%,3.2,0:03:26
4/30/16,2239,2403,0,6313,49,1318,381935,668,1807,588,0,28,52%,2.7,0:02:49,0,0,0,0%,4731,3395,1105,879,387,335,90,72,4321,0.85s,55%,2.6,0:02:39
5/1/16,2530,2729,0,6738,58,1581,417256,740,1871,630,0,23,54%,2.5,0:02:51,0,0,0,0%,4802,3668,1332,1012,478,409,126,85,4424,0.85s,58%,2.5,0:02:33
5/2/16,4107,4457,0,14055,901,2199,970983,1494,5992,1279,0,901,41%,4,0:05:03,0,0,0,0%,10855,7233,1885,1506,1037,802,278,198,10133,0.72s,49%,3.2,0:03:38
5/3/16,3744,4023,0,13094,1009,1948,865401,1345,5706,1175,0,1009,40%,4.2,0:04:48,0,0,0,0%,10160,6667,1734,1386,883,726,317,204,9521,0.7s,48%,3.3,0:03:35
5/4/16,3552,3823,0,12487,1018,1863,816622,1269,5520,1091,0,1018,42%,4.3,0:05:03,0,0,0,0%,9731,6406,1694,1333,812,664,250,175,9057,0.68s,49%,3.3,0:03:34
5/5/16,3413,3695,0,11872,968,1878,750968,1208,5319,1041,0,968,44%,4.4,0:05:03,0,0,0,0%,9318,6044,1564,1260,748,619,242,180,8649,0.66s,51%,3.2,0:03:23
5/6/16,3342,3556,0,10299,728,1895,709904,1043,4129,920,0,728,46%,4,0:05:22,0,0,0,0%,7782,5241,1677,1371,641,548,199,134,7223,0.69s,53%,2.9,0:03:20
5/7/16,1985,2132,0,5458,48,1167,347353,561,1516,484,0,48,52%,2.7,0:03:00,0,0,0,0%,4077,2931,974,745,329,275,78,48,3726,0.88s,55%,2.6,0:02:43
5/8/16,1982,2112,0,5544,39,1119,320335,580,1654,515,0,39,51%,2.9,0:02:41,0,0,0,0%,4083,3022,959,744,410,335,92,48,3746,0.85s,53%,2.6,0:02:32
5/9/16,4025,4325,0,14110,1008,2102,896005,1418,6274,1259,0,1008,41%,4.4,0:05:08,0,0,0,0%,10968,7307,1896,1495,975,782,271,200,10168,0.69s,49%,3.3,0:03:27
5/10/16,4766,5110,0,15563,1041,2621,981171,1429,6150,1220,0,1041,43%,4.3,0:05:06,0,0,0,0%,12180,8334,2163,1734,909,749,311,211,11306,0.69s,51%,3,0:03:12
5/11/16,3989,4300,0,13895,1096,2096,894507,1381,4873,1194,0,395,42%,3.5,0:04:31,0,0,0,0%,10894,7207,1812,1422,898,711,291,199,10075,0.67s,49%,3.2,0:03:28
5/12/16,3771,4059,0,13188,1062,2028,883283,1299,4717,1133,0,377,43%,3.6,0:04:55,0,0,0,0%,10267,6691,1784,1423,875,706,262,172,9576,0.71s,50%,3.2,0:03:38
5/13/16,3505,3725,0,11823,746,1900,749288,1154,3954,1017,0,160,43%,3.4,0:04:18,0,0,0,0%,8993,6027,1813,1430,783,651,234,173,8285,0.73s,51%,3.2,0:03:21
5/14/16,2300,2446,0,6236,41,1317,389170,692,1946,617,0,41,52%,2.8,0:02:50,0,0,0,0%,4586,3282,1140,887,444,370,66,48,4208,0.99s,54%,2.5,0:02:39
5/15/16,2549,2685,0,6523,42,1609,396210,664,1801,607,0,42,51%,2.7,0:03:01,0,0,0,0%,4712,3566,1266,956,439,365,106,73,4404,0.83s,60%,2.4,0:02:28
5/16/16,4098,4433,0,14085,969,2244,920740,1458,5874,1260,0,969,42%,4,0:04:35,0,0,0,0%,10895,7263,1929,1513,935,743,326,208,10266,0.99s,51%,3.2,0:03:28
5/17/16,3843,4137,0,13747,1010,2005,950213,1396,6112,1205,0,1010,42%,4.4,0:05:14,0,0,0,0%,10545,7009,2029,1567,869,701,304,202,9833,0.65s,48%,3.3,0:03:50
5/18/16,3688,3980,0,12211,835,1946,814063,1317,5086,1127,0,835,41%,3.9,0:04:51,0,0,0,0%,9397,6435,1800,1435,750,624,264,183,8806,0.64s,49%,3.1,0:03:25
5/19/16,3712,3978,0,12861,1109,2035,827869,1259,5570,1096,0,1109,43%,4.4,0:05:01,0,0,0,0%,9961,6453,1910,1459,734,597,256,165,9172,0.64s,51%,3.2,0:03:28
5/20/16,3561,3848,0,11727,836,1987,769493,1235,4095,1048,0,319,44%,3.3,0:04:10,0,0,0,0%,9118,6076,1639,1313,708,554,262,159,8479,0.67s,52%,3,0:03:20
5/21/16,2441,2645,0,6523,37,1502,393578,730,1914,626,0,37,53%,2.6,0:02:50,0,0,0,0%,4958,3575,1109,878,357,321,99,68,4528,0.86s,57%,2.5,0:02:29
5/22/16,2429,2590,0,6550,70,1430,387757,676,1813,592,0,42,51%,2.7,0:02:54,0,0,0,0%,4752,3439,1237,991,461,391,100,67,4406,0.85s,55%,2.5,0:02:30
5/23/16,4060,4368,0,13648,1149,2138,865634,1425,6052,1234,0,1149,43%,4.2,0:04:27,0,0,0,0%,10393,6941,1990,1558,904,746,361,237,9652,0.65s,49%,3.1,0:03:18
5/24/16,3933,4250,0,13488,925,2088,874819,1386,5674,1195,0,925,42%,4.1,0:04:47,0,0,0,0%,10288,7003,2000,1555,865,691,335,220,9569,0.68s,49%,3.2,0:03:26
5/25/16,3691,3989,0,12875,937,1960,829783,1286,5369,1096,0,937,42%,4.2,0:04:50,0,0,0,0%,9940,6533,1903,1479,784,658,248,161,9270,0.63s,49%,3.2,0:03:28
5/26/16,3634,3899,0,12333,1140,1937,761952,1286,5217,1120,0,1140,40%,4.1,0:04:08,0,0,0,0%,9510,6210,1742,1346,797,652,284,190,8822,0.73s,50%,3.2,0:03:15
5/27/16,3390,3633,0,11225,736,1825,706777,1087,4580,941,0,736,43%,4.2,0:05:03,0,0,0,0%,8614,5670,1637,1281,744,618,230,161,8019,0.7s,50%,3.1,0:03:15
5/28/16,2435,2615,0,6488,50,1518,397856,676,1801,589,0,50,58%,2.7,0:02:51,0,0,0,0%,4709,3358,1283,975,386,326,110,60,4273,0.9s,58%,2.5,0:02:32
5/29/16,2430,2579,0,5906,43,1548,348399,607,1490,536,0,43,55%,2.5,0:02:41,0,0,0,0%,4256,3165,1238,972,344,278,68,50,3940,0.9s,60%,2.3,0:02:15
5/30/16,2913,3123,0,7843,44,1739,488822,837,2233,728,0,35,50%,2.7,0:03:08,0,0,0,0%,5822,4321,1438,1135,485,409,98,61,5253,0.89s,56%,2.5,0:02:37
5/31/16,4217,4571,0,14878,933,2244,977515,1499,6369,1284,0,933,42%,4.2,0:05:02,0,0,0,0%,11250,7368,2333,1899,958,786,337,213,10470,0.69s,49%,3.3,0:03:34
6/1/16,4016,4312,0,14167,865,2030,962618,1479,6513,1298,0,865,40%,4.4,0:05:26,0,0,0,0%,11009,7136,1923,1453,942,772,293,203,10272,0.69s,47%,3.3,0:03:43
6/2/16,4034,4396,0,13692,894,2259,901659,1536,6309,1310,0,894,45%,4.1,0:05:08,0,0,0,0%,10623,6972,1789,1417,995,785,285,200,9952,0.68s,51%,3.1,0:03:25
6/3/16,3630,3937,0,12455,771,1966,826275,1299,5464,1121,0,771,42%,4.2,0:05:14,0,0,0,0%,9650,6296,1781,1368,788,664,236,157,8913,0.7s,50%,3.2,0:03:30
6/4/16,2442,2565,0,6340,94,1515,377059,649,1764,579,0,47,52%,2.7,0:02:45,0,0,0,0%,4647,3376,1211,938,409,332,73,55,4276,0.85s,59%,2.5,0:02:27
6/5/16,2789,2947,0,7297,204,1728,455964,712,2024,638,0,50,51%,2.8,0:03:46,0,0,0,0%,5074,3838,1652,1319,459,396,112,73,4645,0.84s,59%,2.5,0:02:35
6/6/16,3937,4294,0,14069,900,2127,903069,1437,6473,1228,0,900,43%,4.5,0:05:14,0,0,0,0%,10920,6907,1933,1491,908,736,308,217,10175,0.67s,50%,3.3,0:03:30
6/7/16,4037,4329,0,13972,1016,2166,977851,1448,5802,1256,0,1016,42%,4,0:04:45,0,0,0,0%,10763,6992,2047,1618,857,722,305,208,9949,0.65s,50%,3.2,0:03:46
6/8/16,3846,4110,0,13745,1125,2003,895926,1334,6263,1173,0,1125,39%,4.7,0:05:28,0,0,0,0%,10590,6754,1992,1519,858,697,305,187,9921,0.7s,49%,3.3,0:03:38
6/9/16,3996,4333,0,13844,1012,2177,930352,1461,6413,1243,0,1012,43%,4.4,0:05:10,0,0,0,0%,10581,6842,2132,1691,834,679,297,190,9754,0.69s,50%,3.2,0:03:35
6/10/16,3627,3918,0,11853,817,2132,810927,1181,4957,1007,0,817,46%,4.2,0:05:43,0,0,0,0%,8978,5899,2032,1640,629,532,214,147,8364,0.74s,54%,3,0:03:27
6/11/16,2462,2628,0,7038,65,1491,411131,717,2004,621,0,58,50%,2.8,0:03:12,0,0,0,0%,4988,3543,1533,1265,427,345,90,61,4606,0.82s,57%,2.7,0:02:36
6/12/16,2315,2475,0,6155,41,1386,387567,689,1682,598,0,18,52%,2.4,0:02:44,0,0,0,0%,4420,3268,1241,993,383,320,111,77,4007,0.91s,56%,2.5,0:02:37
6/13/16,3803,4152,0,13693,729,1979,939618,1375,6093,1156,0,729,40%,4.4,0:06:14,0,0,0,0%,10662,6858,1936,1558,819,690,276,215,9899,0.68s,48%,3.3,0:03:46
6/14/16,3949,4245,0,14188,808,2059,901119,1347,5164,1166,0,511,44%,3.8,0:04:40,0,0,0,0%,11102,7057,1908,1461,890,703,288,187,10278,0.7s,49%,3.3,0:03:32
6/15/16,3805,4111,0,13780,735,1985,911446,1337,5534,1159,0,735,45%,4.1,0:05:16,0,0,0,0%,10753,7049,1861,1440,924,715,242,161,9874,0.72s,48%,3.4,0:03:42
6/16/16,3585,3897,0,12452,865,1993,835024,1272,5412,1076,0,865,47%,4.3,0:05:10,0,0,0,0%,9718,6258,1610,1253,873,703,251,163,8901,0.74s,51%,3.2,0:03:34
6/17/16,3219,3502,0,10953,693,1813,764516,1163,4584,990,0,693,45%,3.9,0:04:43,0,0,0,0%,8344,5369,1619,1277,741,595,249,198,7742,0.74s,52%,3.1,0:03:38
6/18/16,2167,2293,0,5604,61,1299,357642,589,1542,534,0,61,53%,2.6,0:02:43,0,0,0,0%,4045,2974,1131,874,351,296,77,46,3718,0.92s,57%,2.4,0:02:36
6/19/16,2178,2336,0,5935,135,1308,374029,635,1908,549,0,44,49%,3,0:03:02,0,0,0,0%,4155,3129,1289,1041,404,333,87,62,3864,0.85s,56%,2.5,0:02:40
6/20/16,4006,4328,0,13873,938,2167,937634,1382,6096,1185,0,938,40%,4.4,0:05:13,0,0,0,0%,10382,6869,2319,1938,824,677,348,219,9747,0.7s,50%,3.2,0:03:37
6/21/16,3871,4168,0,13635,947,2120,911697,1393,5658,1192,0,947,43%,4.1,0:04:32,0,0,0,0%,10428,6626,2159,1716,817,674,231,169,9645,0.73s,51%,3.3,0:03:39
6/22/16,3764,4087,0,13214,958,2033,885117,1355,5778,1152,0,958,42%,4.3,0:04:48,0,0,0,0%,10084,6447,2004,1612,897,722,229,171,9366,0.68s,50%,3.2,0:03:37
6/23/16,3691,3991,0,12898,999,2023,892984,1328,5754,1133,0,999,43%,4.3,0:05:22,0,0,0,0%,9841,6195,1874,1499,933,717,250,171,9137,0.68s,51%,3.2,0:03:44
6/24/16,3240,3514,0,11105,850,1830,746689,1162,4831,1000,0,850,46%,4.2,0:04:38,0,0,0,0%,8508,5340,1635,1260,760,531,202,127,7916,0.7s,52%,3.2,0:03:32
6/25/16,2384,2536,0,5930,78,1524,379054,592,1500,518,0,30,56%,2.5,0:03:11,0,0,0,0%,4385,3199,1077,868,404,319,64,48,4088,0.93s,60%,2.3,0:02:29
6/26/16,2369,2527,0,6452,52,1406,404672,663,1866,587,0,52,52%,2.8,0:03:11,0,0,0,0%,4608,3400,1295,1010,445,349,104,78,4239,0.9s,56%,2.6,0:02:40
6/27/16,3831,4150,0,13858,1010,1994,950118,1369,6100,1186,0,1010,41%,4.5,0:05:09,0,0,0,0%,10728,6819,1901,1493,933,760,296,199,10000,0.66s,48%,3.3,0:03:49
6/28/16,3763,4124,0,13107,776,2013,870644,1411,5432,1174,0,776,42%,3.8,0:04:27,0,0,0,0%,10108,6464,1858,1470,894,705,247,165,9397,0.74s,49%,3.2,0:03:31
6/29/16,3753,4052,0,12884,847,2067,826097,1303,5511,1125,0,847,45%,4.2,0:04:34,0,0,0,0%,9888,6377,1839,1482,866,685,291,196,9163,0.67s,51%,3.2,0:03:24
6/30/16,3538,3828,0,12194,810,1927,794713,1234,5302,1061,0,810,44%,4.3,0:05:05,0,0,0,0%,9305,5899,1842,1479,821,660,226,163,8679,0.68s,50%,3.2,0:03:28
7/1/16,3392,3667,0,11444,830,1935,728133,1138,4950,976,0,830,46%,4.3,0:05:12,0,0,0,0%,8909,5702,1687,1331,665,544,183,137,8303,0.72s,53%,3.1,0:03:19
7/2/16,2350,2512,0,5906,64,1505,412895,643,1667,563,0,31,53%,2.6,0:03:15,0,0,0,0%,4108,3083,1320,999,428,340,50,43,3805,0.87s,60%,2.4,0:02:44
7/3/16,2412,2566,0,5888,90,1581,349583,609,1507,538,0,90,57%,2.5,0:02:28,0,0,0,0%,4272,3136,1217,983,340,275,59,41,3896,0.98s,62%,2.3,0:02:16
7/4/16,2548,2708,0,6426,42,1584,407214,695,1792,623,0,42,53%,2.6,0:02:38,0,0,0,0%,4624,3452,1330,1054,363,314,109,79,4259,0.97s,58%,2.4,0:02:30
7/5/16,3872,4189,0,13615,872,2079,884572,1403,6031,1216,0,872,44%,4.3,0:05:07,0,0,0,0%,10612,6783,1790,1422,921,760,292,206,9917,0.7s,50%,3.3,0:03:31
7/6/16,3984,4303,0,14272,928,2144,895911,1395,6274,1202,0,928,41%,4.5,0:05:05,0,0,0,0%,10804,6814,2239,1757,945,747,284,191,10098,0.67s,50%,3.3,0:03:28
7/7/16,3854,4178,0,13852,1075,2096,919348,1365,4544,1180,0,240,43%,3.3,0:04:19,0,0,0,0%,10788,6870,1855,1488,888,691,321,200,10065,0.71s,50%,3.3,0:03:40
7/8/16,3136,3380,0,10889,766,1711,758647,1065,3877,929,0,370,46%,3.6,0:05:10,0,0,0,0%,8372,5320,1601,1284,671,535,245,162,7761,0.75s,51%,3.2,0:03:44
7/9/16,2308,2497,0,6420,65,1392,440168,717,1993,614,0,38,53%,2.8,0:03:21,0,0,0,0%,4799,3475,1136,881,405,342,80,61,4421,1.06s,56%,2.6,0:02:56
7/10/16,2369,2533,0,6544,60,1379,408942,705,1930,615,0,42,54%,2.7,0:02:32,0,0,0,0%,4763,3446,1221,966,462,386,98,71,4445,0.84s,54%,2.6,0:02:41
7/11/16,3897,4218,0,13488,886,2081,928299,1304,5479,1119,0,886,43%,4.2,0:05:25,0,0,0,0%,10402,6930,1905,1502,842,695,339,238,9719,0.67s,49%,3.2,0:03:40
7/12/16,3738,4014,0,12459,696,2046,886888,1264,4582,1102,0,696,44%,3.6,0:04:48,0,0,0,0%,9477,6303,1921,1543,792,663,269,173,8864,0.67s,51%,3.1,0:03:41
7/13/16,3952,4245,0,14614,734,2075,1011016,1265,5216,1095,0,734,44%,4.1,0:05:30,0,0,0,0%,9602,6365,3895,3483,796,666,321,199,8956,0.92s,49%,3.4,0:03:58
7/14/16,3679,3947,0,14611,757,2005,927575,1228,5295,1058,0,643,43%,4.3,0:05:42,0,0,0,0%,9352,6237,4212,3246,782,629,265,156,8758,0.72s,51%,3.7,0:03:55
7/15/16,3368,3645,0,11516,695,1927,833034,1104,4543,938,0,695,48%,4.1,0:05:28,0,0,0,0%,8759,5584,1828,1486,706,549,223,148,8217,0.74s,53%,3.2,0:03:49
7/16/16,2564,2716,0,6529,111,1619,405791,657,1631,572,0,32,55%,2.5,0:02:54,0,0,0,0%,4685,3498,1354,1080,392,343,98,65,4346,0.93s,60%,2.4,0:02:29
7/17/16,2689,2832,0,6563,105,1704,417840,644,1612,574,0,34,53%,2.5,0:02:29,0,0,0,0%,4386,3371,1645,1296,406,354,126,75,4113,0.84s,60%,2.3,0:02:28
7/18/16,4066,4375,0,13278,764,2253,882814,1312,5533,1120,0,764,44%,4.2,0:05:13,0,0,0,0%,10158,6728,2001,1609,856,688,263,178,9470,0.7s,51%,3,0:03:22
7/19/16,4267,4561,0,14629,1056,2443,955173,1338,5640,1154,0,741,45%,4.2,0:05:29,0,0,0,0%,9770,6535,3840,3300,781,643,238,165,9137,0.7s,54%,3.2,0:03:29
7/20/16,4527,4826,0,15086,822,2606,1029932,1282,5189,1106,0,822,46%,4,0:05:14,0,0,0,0%,9927,6560,4059,3582,815,652,285,179,9330,0.69s,54%,3.1,0:03:33
7/21/16,3707,4043,0,13420,832,2028,941416,1304,5507,1093,0,832,43%,4.2,0:05:05,0,0,0,0%,10186,6584,2155,1637,848,684,231,155,9531,0.68s,50%,3.3,0:03:53
7/22/16,3367,3654,0,10728,694,1924,754613,1166,4418,998,0,694,47%,3.8,0:04:48,0,0,0,0%,8253,5556,1584,1228,705,569,186,133,7676,0.73s,53%,2.9,0:03:27
7/23/16,2420,2586,0,6473,45,1522,374923,660,1943,578,0,45,52%,2.9,0:03:38,0,0,0,0%,4799,3501,1147,948,420,365,107,70,4417,0.88s,59%,2.5,0:02:25
7/24/16,2483,2641,0,6549,64,1501,409595,678,1703,589,0,32,54%,2.5,0:02:49,0,0,0,0%,4700,3466,1348,1056,420,360,81,61,4371,0.88s,57%,2.5,0:02:35
7/25/16,4144,4470,0,13644,750,2267,919183,1408,5228,1198,0,750,44%,3.7,0:04:44,0,0,0,0%,10498,7101,1929,1513,926,733,291,191,9874,0.68s,51%,3.1,0:03:26
7/26/16,3877,4190,0,12766,691,2166,845599,1326,5341,1113,0,691,43%,4,0:05:08,0,0,0,0%,9775,6554,1915,1578,827,664,249,170,9182,0.68s,52%,3,0:03:22
7/27/16,3759,4097,0,13055,654,2078,886300,1352,5415,1136,0,654,44%,4,0:04:58,0,0,0,0%,9950,6706,1983,1540,863,693,259,181,9327,0.7s,51%,3.2,0:03:36
7/28/16,3601,3919,0,12085,656,1989,843363,1287,5156,1086,0,656,45%,4,0:05:11,0,0,0,0%,9274,6226,1840,1518,729,594,242,164,8607,0.71s,51%,3.1,0:03:35
7/29/16,3412,3685,0,10987,566,1952,721221,1141,4235,955,0,566,48%,3.7,0:04:38,0,0,0,0%,8424,5621,1631,1301,715,558,217,138,7893,0.72s,53%,3,0:03:16
7/30/16,2455,2627,0,6908,96,1499,473695,694,1977,602,0,55,54%,2.8,0:03:10,0,0,0,0%,5069,3626,1282,1046,459,375,98,70,4717,0.91s,57%,2.6,0:03:00
7/31/16,2341,2474,0,6455,104,1440,386469,611,1666,540,0,52,55%,2.7,0:02:53,0,0,0,0%,4523,3283,1416,1186,425,348,91,65,4294,0.8s,58%,2.6,0:02:36
8/1/16,3943,4291,0,13307,796,2180,871579,1396,5603,1197,0,796,45%,4,0:04:51,0,0,0,0%,9868,6679,1825,1434,1376,997,238,171,9292,0.68s,51%,3.1,0:03:23
8/2/16,3760,4093,0,13506,936,2039,886325,1372,5899,1167,0,936,40%,4.3,0:04:35,0,0,0,0%,9914,6549,1985,1605,1384,1002,223,161,9375,0.71s,50%,3.3,0:03:37
8/3/16,3558,3858,0,12548,759,1980,827453,1243,4449,1049,0,759,44%,3.6,0:03:53,0,0,0,0%,8720,5801,2361,2003,1262,928,205,157,8254,0.74s,51%,3.3,0:03:34
8/4/16,3777,4075,0,13414,1046,2013,853262,1321,5882,1125,0,1046,42%,4.5,0:04:43,0,0,0,0%,9721,6303,2149,1758,1277,924,267,179,9166,0.68s,49%,3.3,0:03:29
8/5/16,3449,3753,0,12348,783,1930,807265,1240,5283,1044,0,783,47%,4.3,0:04:41,0,0,0,0%,8916,5821,2033,1686,1201,855,198,140,8381,0.67s,51%,3.3,0:03:35
8/6/16,2380,2540,0,6563,79,1500,435081,647,1709,563,0,55,55%,2.6,0:03:28,0,0,0,0%,4550,3393,1393,1137,544,447,76,59,4239,1.03s,59%,2.6,0:02:51
8/7/16,2489,2655,0,7100,90,1498,505591,666,1936,584,0,82,51%,2.9,0:03:19,0,0,0,0%,4743,3536,1712,1443,556,454,89,71,4403,0.96s,56%,2.7,0:03:10
8/8/16,3615,3923,0,13020,830,1919,871107,1321,5628,1137,0,830,42%,4.3,0:04:49,0,0,0,0%,9491,6308,1887,1507,1362,985,280,185,8903,0.68s,49%,3.3,0:03:42
8/9/16,3630,3923,0,12314,833,1899,872565,1272,5595,1091,0,833,39%,4.4,0:05:29,0,0,0,0%,8854,5864,1870,1511,1372,957,218,167,8369,0.67s,48%,3.1,0:03:42
8/10/16,3826,4129,0,13666,826,1959,938371,1367,5723,1171,0,826,39%,4.2,0:04:45,0,0,0,0%,10028,6551,1821,1452,1562,1117,255,163,9448,0.71s,47%,3.3,0:03:47
8/11/16,3612,3891,0,12933,842,1866,811044,1293,5581,1116,0,842,42%,4.3,0:04:43,0,0,0,0%,9603,6168,1703,1320,1368,984,259,165,9067,0.68s,48%,3.3,0:03:28
8/12/16,3576,3850,0,11651,687,2007,712480,1245,4293,1075,0,494,47%,3.4,0:03:42,0,0,0,0%,8611,5805,1642,1271,1234,896,164,115,8101,0.73s,52%,3,0:03:05
8/13/16,2393,2571,0,6298,45,1472,418045,718,1789,631,0,32,55%,2.5,0:03:03,0,0,0,0%,4659,3441,1033,805,519,421,87,53,4333,0.92s,57%,2.4,0:02:43
8/14/16,2489,2651,0,6675,53,1524,423411,684,1833,589,0,41,54%,2.7,0:02:38,0,0,0,0%,4689,3446,1323,1051,538,452,125,86,4344,0.95s,57%,2.5,0:02:40
8/15/16,3899,4233,0,13704,857,2067,943731,1462,6290,1227,0,857,42%,4.3,0:05:01,0,0,0,0%,10024,6609,1926,1518,1516,1112,238,162,9415,0.67s,49%,3.2,0:03:43
8/16/16,3809,4097,0,12839,888,1993,875944,1373,5559,1203,0,888,43%,4,0:05:02,0,0,0,0%,9410,6200,1653,1352,1531,1074,245,177,8944,0.7s,49%,3.1,0:03:34
8/17/16,3991,4325,0,13555,804,2126,871363,1436,6019,1194,0,804,41%,4.2,0:04:44,0,0,0,0%,9622,6438,2113,1732,1553,1109,267,173,9075,0.74s,49%,3.1,0:03:21
8/18/16,3846,4178,0,14749,1236,2040,998202,1450,6648,1232,0,1236,42%,4.6,0:05:19,0,0,0,0%,10849,6794,1952,1518,1655,1119,293,192,10111,0.69s,49%,3.5,0:03:59
8/19/16,3550,3860,0,13003,882,1955,823897,1270,5022,1074,0,882,46%,4,0:04:35,0,0,0,0%,9681,6449,1677,1328,1357,951,288,181,9106,0.69s,51%,3.4,0:03:33
8/20/16,2463,2642,0,6549,51,1505,428931,747,1962,646,0,36,53%,2.6,0:02:57,0,0,0,0%,4815,3519,1047,812,547,472,140,68,4502,0.93s,57%,2.5,0:02:42
8/21/16,2277,2425,0,6284,54,1312,370752,683,1915,597,0,34,47%,2.8,0:02:57,0,0,0,0%,4552,3330,1027,828,631,526,74,51,4308,0.82s,54%,2.6,0:02:33
8/22/16,3825,4149,0,13692,1005,1994,908249,1402,5739,1208,0,1005,39%,4.1,0:04:29,0,0,0,0%,9993,6558,1799,1404,1627,1135,273,160,9455,0.66s,48%,3.3,0:03:39
8/23/16,3727,4013,0,13762,942,1878,918900,1357,6469,1182,0,942,37%,4.8,0:05:29,0,0,0,0%,10153,6538,1657,1321,1704,1178,248,166,9634,0.67s,47%,3.4,0:03:49
8/24/16,3644,3930,0,12823,705,1893,872650,1312,5429,1130,0,705,42%,4.1,0:05:24,0,0,0,0%,9627,6341,1504,1222,1480,1074,212,166,8986,0.65s,48%,3.3,0:03:42
8/25/16,3617,3932,0,12770,739,1913,781516,1360,5310,1155,0,739,44%,3.9,0:04:18,0,0,0,0%,9750,6371,1353,1146,1369,979,298,198,9200,0.67s,49%,3.2,0:03:19
8/26/16,3299,3577,0,11747,822,1764,754822,1198,5428,1019,0,822,44%,4.5,0:04:55,0,0,0,0%,8750,5754,1474,1154,1256,890,267,163,8237,0.68s,49%,3.3,0:03:31
8/27/16,2163,2304,0,5592,53,1309,331476,619,1553,545,0,32,55%,2.5,0:03:10,0,0,0,0%,4208,3110,850,706,458,393,76,55,3934,0.94s,57%,2.4,0:02:24
8/28/16,2262,2422,0,7338,977,1349,370229,652,1738,575,0,24,52%,2.7,0:02:47,0,0,0,0%,5718,3879,995,767,558,471,67,53,5422,0.73s,56%,3,0:02:33
8/29/16,4067,4433,0,15788,932,2131,1048191,1472,6860,1236,0,932,40%,4.7,0:05:46,0,0,0,0%,11835,7854,2091,1599,1582,1133,280,200,11209,0.68s,48%,3.6,0:03:56
8/30/16,3929,4273,0,13738,905,2074,857383,1433,5860,1215,0,905,40%,4.1,0:04:25,0,0,0,0%,10369,6817,1605,1281,1502,1044,262,167,9838,0.64s,49%,3.2,0:03:21
8/31/16,3825,4194,0,13548,855,2020,953579,1464,5496,1221,0,855,40%,3.8,0:04:53,0,0,0,0%,10186,6802,1590,1268,1517,1067,255,171,9664,0.67s,48%,3.2,0:03:47
9/1/16,4041,4422,0,15103,1453,2175,888539,1494,7152,1238,0,1453,42%,4.8,0:04:43,0,0,0,0%,11806,7215,1736,1435,1355,941,206,142,11078,0.67s,49%,3.4,0:03:21
9/2/16,3396,3669,0,9492,162,2065,536491,1066,3020,899,0,162,51%,2.8,0:03:24,0,0,0,0%,7571,5451,1021,851,768,613,132,88,7147,0.75s,56%,2.6,0:02:26
9/3/16,2580,2768,0,6977,53,1567,438203,736,1908,650,0,53,54%,2.6,0:02:48,0,0,0,0%,5321,3896,1021,789,548,429,87,63,4966,0.85s,57%,2.5,0:02:38
9/4/16,2898,3099,0,7205,40,1830,386429,743,2051,644,0,37,50%,2.8,0:02:56,0,0,0,0%,5529,4113,1039,880,531,455,106,76,5208,0.88s,59%,2.3,0:02:05
9/5/16,3455,3708,0,9125,49,2179,539773,982,2687,833,0,40,51%,2.7,0:03:03,0,0,0,0%,6941,5046,1312,1043,781,647,91,67,6530,0.82s,59%,2.5,0:02:26
9/6/16,4847,5281,0,17283,978,2646,1136631,1710,6871,1433,0,978,40%,4,0:04:20,0,0,0,0%,13156,8725,2083,1785,1730,1233,314,214,12473,0.64s,50%,3.3,0:03:35
9/7/16,4610,5010,0,15457,793,2532,1077856,1622,6580,1373,0,793,42%,4.1,0:05:13,0,0,0,0%,11774,7989,1934,1549,1514,1113,235,173,11167,0.68s,51%,3.1,0:03:35
9/8/16,4391,4728,0,14321,710,2484,900865,1492,5981,1273,0,710,43%,4,0:04:52,0,0,0,0%,10901,7371,1714,1421,1443,1062,263,173,10306,0.65s,53%,3,0:03:11
9/9/16,4199,4486,0,12815,658,2511,800919,1290,5216,1120,0,658,46%,4,0:04:43,0,0,0,0%,9681,6701,1633,1295,1250,935,251,152,9217,0.69s,56%,2.9,0:02:59
9/10/16,2593,2750,0,6731,58,1585,369391,688,1881,604,0,58,52%,2.7,0:02:51,0,0,0,0%,5130,3708,905,758,612,477,84,58,4827,0.84s,58%,2.4,0:02:14
9/11/16,2550,2716,0,6606,56,1575,436036,695,2024,610,0,55,52%,2.9,0:03:16,0,0,0,0%,4908,3700,1031,806,550,465,117,82,4636,0.87s,58%,2.4,0:02:41
9/12/16,4521,4899,0,14815,1003,2547,954372,1468,5654,1231,0,1003,41%,3.9,0:04:02,0,0,0,0%,10979,7453,1909,1578,1633,1186,294,201,10376,0.66s,52%,3,0:03:15
9/13/16,4202,4492,0,13721,793,2343,915871,1370,5328,1194,0,793,41%,3.9,0:04:53,0,0,0,0%,10449,7062,1583,1325,1405,1024,284,193,9956,0.67s,52%,3.1,0:03:24
9/14/16,4428,4749,0,13882,948,2613,921848,1420,6008,1209,0,948,43%,4.2,0:05:04,0,0,0,0%,10408,6899,1780,1464,1446,1042,248,171,9896,0.64s,55%,2.9,0:03:14
9/15/16,4411,4724,0,14693,925,2512,900164,1344,6201,1153,0,925,41%,4.6,0:05:03,0,0,0,0%,11044,7253,1908,1507,1526,1077,215,152,10367,0.64s,53%,3.1,0:03:11
9/16/16,3943,4256,0,12201,765,2355,764633,1270,5248,1084,0,765,47%,4.1,0:04:58,0,0,0,0%,9330,6345,1378,1160,1259,922,234,165,8825,0.67s,55%,2.9,0:03:00
9/17/16,2642,2798,0,6434,30,1668,413841,689,1713,619,0,27,53%,2.5,0:02:47,0,0,0,0%,4755,3627,1027,815,527,437,125,70,4524,0.83s,60%,2.3,0:02:28
9/18/16,2658,2815,0,6596,56,1656,341425,719,1953,632,0,32,53%,2.7,0:02:36,0,0,0,0%,5103,3863,804,699,567,494,122,79,4766,0.84s,59%,2.3,0:02:01
9/19/16,4479,4800,0,15088,894,2427,1002801,1433,5913,1247,0,894,37%,4.1,0:04:55,0,0,0,0%,11298,7702,1772,1451,1705,1213,313,204,10657,0.62s,51%,3.1,0:03:29
9/20/16,4414,4729,0,14888,875,2378,943984,1453,6216,1246,0,875,42%,4.3,0:04:57,0,0,0,0%,11070,7533,1771,1523,1718,1247,329,229,10500,0.61s,50%,3.1,0:03:20
9/21/16,4193,4480,0,13646,895,2353,778755,1319,5934,1149,0,895,41%,4.5,0:04:57,0,0,0,0%,10459,7023,1365,1177,1470,1076,352,225,9885,0.65s,53%,3,0:02:54
9/22/16,4111,4373,0,13914,810,2231,814006,1261,5929,1104,0,810,41%,4.7,0:05:08,0,0,0,0%,10702,7095,1365,1166,1537,1128,310,202,10080,0.67s,51%,3.2,0:03:06
9/23/16,3847,4146,0,12664,719,2122,783733,1284,5421,1109,0,719,41%,4.2,0:04:44,0,0,0,0%,9670,6502,1310,1088,1425,989,259,167,9163,0.64s,51%,3.1,0:03:09
9/24/16,2800,2996,0,6759,88,1826,396103,797,2007,690,0,48,56%,2.5,0:03:24,0,0,0,0%,5092,3833,1009,909,561,495,97,60,4785,0.92s,61%,2.3,0:02:12
9/25/16,2664,2831,0,6878,147,1658,377539,738,1869,650,0,44,54%,2.5,0:02:42,0,0,0,0%,5320,3920,941,777,522,460,95,71,4987,0.82s,59%,2.4,0:02:13
9/26/16,4654,5040,0,15211,897,2648,953227,1576,6653,1339,0,897,42%,4.2,0:04:49,0,0,0,0%,11438,7802,1760,1467,1764,1194,249,191,10796,0.67s,53%,3,0:03:09
9/27/16,4438,4796,0,14435,1038,2492,958279,1474,6209,1250,0,1038,40%,4.2,0:05:21,0,0,0,0%,10969,7395,1608,1323,1587,1119,271,177,10336,0.66s,52%,3,0:03:20
9/28/16,4429,4802,0,14570,777,2510,939603,1521,5155,1294,0,777,44%,3.4,0:03:58,0,0,0,0%,11112,7480,1557,1298,1641,1174,260,168,10572,0.67s,52%,3,0:03:16
9/29/16,4564,4903,0,15025,924,2635,962051,1505,6487,1310,0,924,43%,4.3,0:04:58,0,0,0,0%,11456,7554,1722,1447,1582,1143,265,180,10820,0.7s,54%,3.1,0:03:16
9/30/16,4062,4315,0,12290,812,2382,714410,1295,4742,1142,0,812,46%,3.7,0:03:51,0,0,0,0%,9428,6588,1357,1151,1277,949,228,156,8943,0.74s,55%,2.8,0:02:46
10/1/16,2937,3113,0,6519,51,1969,343677,784,1793,696,0,24,58%,2.3,0:02:25,0,0,0,0%,5080,3941,788,682,562,478,89,63,4798,0.88s,63%,2.1,0:01:50
10/2/16,3691,3961,0,8767,101,2491,430139,1092,2615,976,0,101,61%,2.4,0:02:08,0,0,0,0%,6785,5191,1065,716,813,681,104,78,6308,0.87s,63%,2.2,0:01:49
10/3/16,4523,4872,0,15437,901,2522,905257,1528,6199,1294,0,901,43%,4.1,0:04:46,0,0,0,0%,11358,7722,2118,1453,1676,1174,285,195,10656,0.68s,52%,3.2,0:03:06
10/4/16,4632,5070,0,14525,859,2620,864821,1635,6305,1345,0,859,46%,3.9,0:04:25,0,0,0,0%,11423,7913,1347,1153,1475,1045,280,180,10852,0.7s,52%,2.9,0:02:51
10/5/16,5445,5985,0,17485,1028,2893,1042113,1804,6714,1497,0,1028,45%,3.7,0:04:10,0,0,0,0%,13849,9629,1630,1412,1766,1246,240,162,13135,0.67s,48%,2.9,0:02:54
10/6/16,6007,6595,0,17925,451,3006,1078388,1748,4686,1418,0,305,45%,2.7,0:03:26,0,0,0,0%,14613,10938,1927,1619,1209,965,176,111,13768,0.66s,46%,2.7,0:02:44
10/7/16,6230,6697,0,17151,132,3405,910471,1488,3884,1244,0,132,51%,2.6,0:03:17,0,0,0,0%,14787,11322,1244,1085,950,827,170,116,13810,0.7s,51%,2.6,0:02:16
10/8/16,6623,7579,0,22096,130,3204,1208464,2177,6501,1652,0,126,42%,3,0:03:34,0,0,0,0%,19858,14523,911,787,1251,1128,76,56,18428,0.78s,42%,2.9,0:02:39
10/9/16,5071,5749,0,16588,99,2542,899404,1888,5551,1496,0,37,44%,2.9,0:02:53,0,0,0,0%,14906,11032,536,470,1050,901,96,67,13915,0.76s,44%,2.9,0:02:36
10/10/16,5128,5621,0,17089,75,2539,920023,1729,5436,1452,0,49,44%,3.1,0:03:09,0,0,0,0%,14895,11115,958,866,1059,881,177,111,14017,0.79s,45%,3,0:02:44
10/11/16,5055,5555,0,18013,648,2562,1058742,1800,6522,1504,0,648,44%,3.6,0:03:54,0,0,0,0%,15477,10982,1038,885,1261,987,237,161,14462,0.69s,46%,3.2,0:03:11
10/12/16,4565,5026,0,15384,730,2477,947003,1766,6404,1480,0,730,47%,3.6,0:04:14,0,0,0,0%,12582,8888,1189,973,1353,980,260,171,11878,0.71s,49%,3.1,0:03:08
10/13/16,4144,4529,0,15088,1028,2208,956657,1652,7235,1392,0,1028,44%,4.4,0:04:45,0,0,0,0%,12117,7897,1277,1074,1455,1006,239,171,11484,0.68s,49%,3.3,0:03:31
10/14/16,3643,3971,0,12439,751,1983,741051,1334,5574,1139,0,751,46%,4.2,0:04:37,0,0,0,0%,9446,6566,1516,1309,1260,916,217,149,8979,0.7s,50%,3.1,0:03:07
10/15/16,2803,2964,0,8356,1154,1735,366735,797,2101,717,0,56,52%,2.6,0:03:01,0,0,0,0%,5659,4293,1968,1843,587,484,142,87,5307,0.77s,59%,2.8,0:02:04
10/16/16,3132,3312,0,7681,49,2036,409606,839,2132,745,0,49,52%,2.5,0:02:44,0,0,0,0%,6144,4703,850,722,583,504,104,75,5781,0.76s,61%,2.3,0:02:04
10/17/16,4709,5053,0,17788,1017,2562,973462,1609,7067,1415,0,826,40%,4.4,0:05:01,0,0,0,0%,12633,8617,3214,2988,1635,1168,306,200,11933,0.64s,51%,3.5,0:03:13
10/18/16,4502,4818,0,15148,963,2574,883721,1424,6477,1241,0,963,41%,4.5,0:04:52,0,0,0,0%,11860,8033,1480,1205,1511,1085,297,189,11185,0.66s,53%,3.1,0:03:03
10/19/16,4210,4514,0,14668,1110,2363,904321,1376,6202,1191,0,1110,43%,4.5,0:04:43,0,0,0,0%,11375,7512,1409,1197,1595,1135,289,150,10789,0.64s,52%,3.2,0:03:20
10/20/16,4297,4587,0,14022,782,2405,884025,1394,6113,1221,0,782,41%,4.4,0:05:07,0,0,0,0%,10910,7418,1354,1107,1474,1110,284,176,10380,0.61s,52%,3.1,0:03:13
10/21/16,3931,4194,0,12276,778,2346,738178,1275,5313,1117,0,778,46%,4.2,0:04:48,0,0,0,0%,9619,6619,1227,1061,1244,900,186,136,9134,0.65s,56%,2.9,0:02:56
10/22/16,2591,2727,0,6166,32,1634,351448,681,1678,603,0,32,55%,2.5,0:02:45,0,0,0,0%,4845,3666,725,608,495,419,101,72,4590,0.87s,60%,2.3,0:02:09
10/23/16,2629,2771,0,6410,62,1638,338653,704,1802,631,0,34,50%,2.6,0:02:27,0,0,0,0%,5064,3858,756,628,537,462,53,41,4792,0.85s,59%,2.3,0:02:02
10/24/16,5171,5497,0,16266,864,2732,985043,1592,5919,1385,0,864,43%,3.7,0:04:05,0,0,0,0%,12350,8600,1499,1267,2103,1635,314,207,11742,0.67s,50%,3,0:02:59
10/25/16,4889,5232,0,15754,978,2591,1000163,1517,6324,1312,0,978,39%,4.2,0:05:00,0,0,0,0%,11988,8130,1477,1225,2003,1476,286,174,11262,0.65s,50%,3,0:03:11
10/26/16,4906,5258,0,15186,962,2886,886061,1514,6237,1291,0,962,43%,4.1,0:04:27,0,0,0,0%,11595,7794,1642,1410,1683,1206,266,190,11055,0.66s,55%,2.9,0:02:49
10/27/16,4566,4891,0,14944,1055,2657,913298,1448,6296,1235,0,1055,43%,4.3,0:04:43,0,0,0,0%,11376,7628,1620,1365,1629,1136,319,217,10752,0.62s,54%,3.1,0:03:07
10/28/16,3879,4144,0,11846,796,2339,756796,1202,4884,1045,0,796,47%,4.1,0:04:41,0,0,0,0%,9073,6181,1234,1039,1320,926,219,146,8607,0.7s,56%,2.9,0:03:03
10/29/16,2456,2622,0,6050,42,1573,299924,705,1853,615,0,35,53%,2.6,0:02:41,0,0,0,0%,4686,3503,716,622,531,442,117,70,4447,0.8s,60%,2.3,0:01:54
10/30/16,2786,2949,0,7068,63,1745,396098,752,1997,667,0,63,52%,2.7,0:02:56,0,0,0,0%,5440,4075,903,758,636,530,89,66,5149,0.77s,59%,2.4,0:02:14
10/31/16,4346,4693,0,14428,969,2457,866005,1460,6626,1242,0,969,40%,4.5,0:04:56,0,0,0,0%,11026,7459,1407,1199,1686,1195,309,203,10528,0.76s,52%,3.1,0:03:05
11/1/16,4480,4842,0,17212,898,2495,929692,1535,6548,1310,0,898,40%,4.3,0:05:09,0,0,0,0%,11573,7762,3599,3345,1730,1230,310,194,11021,0.64s,52%,3.6,0:03:12
11/2/16,4555,4919,0,13918,930,2727,828993,1460,5709,1240,0,930,44%,3.9,0:04:31,0,0,0,0%,10786,7485,1371,1203,1521,1104,240,165,10256,0.64s,55%,2.8,0:02:49
11/3/16,4239,4548,0,13868,887,2420,861279,1375,5532,1188,0,887,41%,4,0:04:27,0,0,0,0%,10349,7022,1576,1314,1617,1118,326,206,9851,0.67s,53%,3,0:03:09
11/4/16,3912,4179,0,11680,712,2346,750463,1243,5000,1075,0,712,46%,4,0:05:21,0,0,0,0%,8842,6132,1475,1285,1156,844,207,151,8434,0.68s,56%,2.8,0:03:00
11/5/16,2827,2988,0,6610,67,1917,393531,679,1841,611,0,67,54%,2.7,0:03:35,0,0,0,0%,5097,3874,933,850,503,423,77,59,4860,0.84s,64%,2.2,0:02:12
11/6/16,2808,2969,0,6823,60,1771,378740,706,1905,613,0,32,47%,2.7,0:03:10,0,0,0,0%,5346,4063,822,709,559,468,96,71,5114,0.75s,60%,2.3,0:02:08
11/7/16,4619,4914,0,13670,713,2731,869144,1428,5644,1259,0,713,42%,4,0:04:37,0,0,0,0%,10291,7176,1679,1435,1478,1060,222,157,9812,0.71s,56%,2.8,0:02:57
11/8/16,3666,3906,0,11942,882,2090,816346,1244,4036,1080,0,254,42%,3.2,0:03:42,0,0,0,0%,8972,6108,1315,1106,1361,943,294,203,8535,0.71s,54%,3.1,0:03:29
11/9/16,3502,3760,0,11539,818,1945,766081,1224,5332,1058,0,818,40%,4.4,0:05:37,0,0,0,0%,8749,5817,1234,1085,1380,952,176,132,8409,0.65s,52%,3.1,0:03:24
11/10/16,5012,5318,0,14497,1235,3169,865852,1356,5945,1177,0,1235,43%,4.4,0:04:43,0,0,0,0%,11372,7744,1390,1122,1486,993,249,179,10782,0.63s,60%,2.7,0:02:43
11/11/16,4038,4313,0,10175,53,2642,581931,1119,3095,962,0,53,52%,2.8,0:03:14,0,0,0,0%,8092,6191,1085,958,824,676,174,118,7686,0.71s,61%,2.4,0:02:15
11/12/16,2757,2909,0,6483,98,1852,332359,689,1890,610,0,98,54%,2.7,0:03:11,0,0,0,0%,5164,3883,737,649,474,408,108,70,4939,0.86s,64%,2.2,0:01:54
11/13/16,2969,3116,0,6711,41,2001,360139,684,1784,610,0,41,52%,2.6,0:02:54,0,0,0,0%,5430,4230,641,557,562,476,78,64,5152,0.81s,64%,2.2,0:01:56
11/14/16,5105,5480,0,14898,961,3189,898738,1496,6311,1266,0,961,44%,4.2,0:04:29,0,0,0,0%,11615,8068,1410,1217,1538,1103,335,210,11169,0.81s,58%,2.7,0:02:44
11/15/16,5168,5472,0,14979,866,3151,961484,1422,5890,1238,0,866,42%,4.1,0:04:57,0,0,0,0%,11661,8190,1402,1233,1600,1167,316,222,11226,0.64s,58%,2.7,0:02:56
11/16/16,4500,4766,0,13070,662,2777,790358,1245,5382,1089,0,662,41%,4.3,0:05:06,0,0,0,0%,10319,7285,1155,1000,1325,980,271,184,9894,0.64s,58%,2.7,0:02:46
11/17/16,4583,4880,0,13610,879,2894,836091,1293,5570,1099,0,879,43%,4.3,0:05:05,0,0,0,0%,10525,7304,1310,1128,1481,970,294,186,10000,0.67s,59%,2.8,0:02:51
11/18/16,3801,4061,0,11036,760,2366,684894,1161,4656,1008,0,760,47%,4,0:04:35,0,0,0,0%,8624,6102,1092,969,1181,844,171,112,8209,0.64s,58%,2.7,0:02:49
11/19/16,2724,2889,0,6329,37,1813,315368,658,1647,587,0,30,53%,2.5,0:02:48,0,0,0,0%,5057,3873,645,558,545,447,82,60,4846,0.88s,63%,2.2,0:01:49
11/20/16,2532,2707,0,6673,53,1593,305295,700,1750,604,0,27,55%,2.5,0:02:38,0,0,0,0%,5294,3886,762,680,530,457,87,52,4998,0.82s,59%,2.5,0:01:53
11/21/16,3706,4019,0,12771,891,1994,799764,1317,5536,1113,0,891,41%,4.2,0:04:59,0,0,0,0%,9659,6400,1578,1323,1290,957,244,160,9166,0.66s,50%,3.2,0:03:19
11/22/16,3605,3879,0,12605,907,2102,751587,1171,5048,995,0,907,44%,4.3,0:05:10,0,0,0,0%,8876,5928,2271,2042,1255,925,203,145,8424,0.71s,54%,3.2,0:03:14
11/23/16,3192,3390,0,9384,551,1979,557310,936,3131,820,0,440,47%,3.3,0:04:03,0,0,0,0%,7493,5139,918,774,825,623,148,108,7084,0.65s,58%,2.8,0:02:44
11/24/16,1805,1930,0,4174,32,1227,200303,499,1106,425,0,22,60%,2.2,0:01:56,0,0,0,0%,3350,2519,440,387,306,256,78,49,3178,0.81s,64%,2.2,0:01:44
11/25/16,2871,3110,0,7425,66,1851,385936,849,2255,724,0,66,53%,2.7,0:02:40,0,0,0,0%,5916,4368,819,725,576,480,114,76,5541,0.84s,60%,2.4,0:02:04
11/26/16,2597,2767,0,5974,36,1743,324077,682,1616,591,0,36,55%,2.4,0:02:38,0,0,0,0%,4763,3635,659,554,479,388,73,56,4507,0.78s,63%,2.2,0:01:57
11/27/16,2564,2723,0,6560,76,1690,358329,656,1817,554,0,66,54%,2.8,0:02:44,0,0,0,0%,4998,3758,889,762,511,429,162,95,4785,0.72s,62%,2.4,0:02:12
11/28/16,4254,4616,0,14583,1037,2426,884659,1438,6400,1206,0,1037,40%,4.5,0:04:36,0,0,0,0%,11252,7444,1405,1077,1654,1116,272,188,10767,0.63s,53%,3.2,0:03:12
11/29/16,4181,4462,0,13466,1110,2420,770376,1309,6034,1133,0,1110,40%,4.6,0:04:34,0,0,0,0%,10421,7084,1358,1118,1448,1097,239,158,9929,0.66s,54%,3,0:02:53
11/30/16,4062,4322,0,12944,725,2315,779504,1280,4757,1117,0,503,42%,3.7,0:04:31,0,0,0,0%,10082,6819,1303,1081,1357,1007,202,141,9574,0.62s,54%,3,0:03:00
12/1/16,3950,4229,0,12283,767,2410,750799,1251,5301,1070,0,767,45%,4.2,0:04:59,0,0,0,0%,9559,6546,1275,1112,1205,891,244,165,9073,0.67s,57%,2.9,0:02:58
12/2/16,3683,3941,0,11034,680,2255,647922,1167,4100,1010,0,558,45%,3.5,0:04:07,0,0,0,0%,8614,5965,1174,954,1019,771,227,155,8227,0.63s,57%,2.8,0:02:44
12/3/16,2555,2711,0,5641,50,1742,331731,665,1576,579,0,22,57%,2.4,0:02:39,0,0,0,0%,4343,3332,782,657,413,363,103,73,4131,0.81s,64%,2.1,0:02:02
12/4/16,2641,2770,0,6184,86,1746,318737,616,1553,549,0,35,54%,2.5,0:02:30,0,0,0,0%,4801,3651,785,684,513,414,85,59,4588,0.8s,63%,2.2,0:01:55
12/5/16,4193,4448,0,13320,942,2426,838536,1321,5717,1152,0,942,42%,4.3,0:04:59,0,0,0,0%,10053,6762,1615,1374,1419,1045,233,159,9608,0.66s,55%,3,0:03:09
12/6/16,4043,4377,0,12716,802,2444,825630,1386,4917,1175,0,489,43%,3.5,0:04:32,0,0,0,0%,9760,6684,1337,1150,1364,1005,255,162,9395,0.66s,56%,2.9,0:03:09
12/7/16,4172,4481,0,14680,1109,2433,880493,1360,5484,1162,0,977,41%,4,0:04:57,0,0,0,0%,10386,6985,2706,2476,1345,1006,243,174,9852,0.67s,54%,3.3,0:03:16
12/8/16,4246,4608,0,13710,886,2526,955536,1489,6471,1257,0,886,44%,4.3,0:05:19,0,0,0,0%,10775,7144,1456,1237,1247,908,232,154,10364,0.74s,55%,3,0:03:27
12/9/16,3486,3740,0,10890,756,2081,652572,1142,3320,971,0,139,45%,2.9,0:03:28,0,0,0,0%,8471,5689,1158,990,1026,743,235,137,8048,0.66s,56%,2.9,0:02:54
12/10/16,2295,2444,0,5505,57,1536,296317,634,1646,545,0,43,55%,2.6,0:03:00,0,0,0,0%,4380,3221,600,529,453,381,72,46,4181,0.77s,63%,2.3,0:02:01
12/11/16,2610,2753,0,6192,57,1745,342136,632,1787,547,0,57,53%,2.8,0:03:26,0,0,0,0%,4937,3692,696,598,475,414,84,58,4671,0.8s,63%,2.2,0:02:04
12/12/16,3974,4293,0,12801,779,2370,750771,1309,5785,1103,0,779,42%,4.4,0:05:02,0,0,0,0%,9980,6805,1213,1040,1307,949,301,189,9557,0.64s,55%,3,0:02:55
12/13/16,3704,3951,0,11546,784,2216,728110,1135,4965,980,0,784,44%,4.4,0:05:23,0,0,0,0%,9036,6028,1184,1023,1138,824,188,142,8553,0.64s,56%,2.9,0:03:04
12/14/16,4399,4686,0,12206,533,2801,764369,1258,4799,1073,0,533,45%,3.8,0:04:33,0,0,0,0%,9277,6636,1467,1216,1259,957,203,146,8866,0.67s,60%,2.6,0:02:43
12/15/16,3811,4081,0,11825,754,2254,763191,1230,5252,1082,0,754,43%,4.3,0:05:37,0,0,0,0%,9144,6165,1207,972,1264,889,210,151,8703,0.65s,55%,2.9,0:03:07
12/16/16,4026,4264,0,10952,916,2695,684990,1091,4716,962,0,916,47%,4.3,0:05:08,0,0,0,0%,8554,5937,1113,944,1032,742,253,155,8189,0.66s,63%,2.6,0:02:41
12/17/16,2818,2953,0,6159,63,1961,398124,591,1471,529,0,39,57%,2.5,0:03:08,0,0,0,0%,4863,3828,760,685,442,379,94,56,4675,0.83s,66%,2.1,0:02:15
12/18/16,2491,2649,0,5874,56,1663,330252,609,1602,529,0,37,53%,2.6,0:02:47,0,0,0,0%,4712,3533,630,547,467,399,65,51,4471,0.82s,63%,2.2,0:02:05
12/19/16,4038,4344,0,11854,807,2526,769466,1202,4587,1023,0,807,43%,3.8,0:04:34,0,0,0,0%,9225,6471,1188,982,1208,893,233,173,8812,0.68s,58%,2.7,0:02:57
12/20/16,3702,3999,0,11541,705,2221,728902,1199,4490,1015,0,705,44%,3.7,0:04:44,0,0,0,0%,8846,6082,1274,1065,1213,839,208,164,8451,0.68s,56%,2.9,0:03:02
12/21/16,3936,4191,0,11750,718,2503,763526,1142,4708,979,0,718,46%,4.1,0:05:09,0,0,0,0%,9338,6297,1148,926,1000,753,264,180,8942,0.68s,60%,2.8,0:03:02
12/22/16,3831,4077,0,11407,809,2456,731540,1029,4828,887,0,809,45%,4.7,0:05:18,0,0,0,0%,9159,6072,1144,980,927,686,177,125,8755,0.68s,60%,2.8,0:02:59
12/23/16,3089,3318,0,7784,228,2072,485682,887,2479,754,0,42,52%,2.8,0:03:08,0,0,0,0%,6231,4716,855,777,582,477,116,74,5967,0.74s,62%,2.3,0:02:26
12/24/16,2272,2382,0,4612,34,1645,260470,478,1235,418,0,34,61%,2.6,0:03:15,0,0,0,0%,3704,2856,573,502,256,204,79,46,3565,0.75s,69%,1.9,0:01:49
12/25/16,2310,2423,0,4953,184,1691,288122,455,1054,402,0,28,60%,2.3,0:02:26,0,0,0,0%,3729,2911,925,834,259,207,40,24,3577,0.79s,70%,2,0:01:59
12/26/16,3972,4229,0,8959,71,2765,483944,943,2474,827,0,56,53%,2.6,0:02:47,0,0,0,0%,7288,5649,1013,879,541,479,117,83,6949,0.81s,65%,2.1,0:01:54
12/27/16,4603,4932,0,13445,728,2920,748824,1302,5160,1127,0,728,47%,4,0:04:22,0,0,0,0%,10698,7446,1209,1039,1237,896,301,187,10201,0.73s,59%,2.7,0:02:32
12/28/16,4607,4898,0,13193,668,2824,825973,1249,4839,1091,0,668,47%,3.9,0:04:24,0,0,0,0%,10222,7292,1463,1190,1232,908,276,195,9779,0.71s,58%,2.7,0:02:49
12/29/16,4273,4587,0,13039,723,2600,824975,1310,5282,1107,0,723,45%,4,0:05:10,0,0,0,0%,10177,6948,1406,1206,1202,856,254,176,9598,0.71s,57%,2.8,0:03:00
12/30/16,3794,4068,0,10775,608,2407,682049,1167,4177,1013,0,608,51%,3.6,0:04:37,0,0,0,0%,8607,6049,1000,832,1001,752,167,109,8152,0.78s,59%,2.6,0:02:48
12/31/16,2910,3062,0,6496,139,2021,336321,666,1610,587,0,23,57%,2.4,0:02:48,0,0,0,0%,5188,3997,708,630,480,393,120,66,4959,0.81s,66%,2.1,0:01:50
1/1/17,3012,3186,0,6829,55,2069,335316,684,1645,595,0,19,56%,2.4,0:02:23,0,0,0,0%,5655,4305,629,525,429,364,116,79,5402,0.77s,65%,2.1,0:01:45
1/2/17,4791,5101,0,11858,66,3185,622099,1252,3449,1098,0,32,50%,2.8,0:02:38,0,0,0,0%,9542,7294,1137,988,973,774,206,130,9145,0.73s,62%,2.3,0:02:02
1/3/17,5122,5547,0,16683,1040,2964,1060513,1679,7299,1397,0,1040,42%,4.3,0:04:54,0,0,0,0%,12890,8894,1632,1340,1782,1316,379,255,12294,0.68s,53%,3,0:03:11
1/4/17,4851,5222,0,16293,1072,2751,1011211,1573,7370,1350,0,1072,41%,4.7,0:05:04,0,0,0,0%,12674,8479,1609,1349,1715,1238,295,195,12080,0.64s,53%,3.1,0:03:14
1/5/17,4568,4864,0,14883,1076,2631,939974,1450,6332,1274,0,1076,43%,4.4,0:04:59,0,0,0,0%,11617,7614,1408,1185,1575,1117,283,199,10980,0.83s,54%,3.1,0:03:13
1/6/17,4113,4389,0,13378,1003,2445,788448,1277,5225,1103,0,664,45%,4.1,0:05:14,0,0,0,0%,9582,6622,2323,2103,1254,964,219,155,9111,0.72s,56%,3,0:03:00
1/7/17,3216,3391,0,7695,112,2151,486446,737,1945,653,0,38,56%,2.6,0:03:16,0,0,0,0%,5987,4450,973,889,614,532,121,80,5752,0.84s,63%,2.3,0:02:23
1/8/17,2909,3065,0,6951,51,1820,389163,683,1784,602,0,35,49%,2.6,0:02:46,0,0,0,0%,5450,4184,738,634,658,562,105,86,5249,0.84s,59%,2.3,0:02:07
1/9/17,4781,5105,0,15328,867,2712,969750,1455,6317,1266,0,867,41%,4.3,0:04:53,0,0,0,0%,11681,8056,1516,1266,1774,1279,357,238,11097,0.72s,53%,3,0:03:10
1/10/17,4664,5014,0,15046,896,2650,888404,1522,6565,1318,0,896,42%,4.3,0:04:50,0,0,0,0%,11378,7777,1601,1336,1707,1214,360,236,10840,0.69s,53%,3,0:02:57
1/11/17,4753,5128,0,15202,894,2700,1034776,1562,6744,1324,0,894,41%,4.3,0:05:18,0,0,0,0%,11607,7890,1397,1201,1905,1359,293,192,11089,0.71s,53%,3,0:03:22
1/12/17,4912,5282,0,15408,739,2812,938830,1587,6439,1363,0,739,41%,4.1,0:04:59,0,0,0,0%,11632,8008,1647,1391,1853,1316,276,194,11071,0.69s,53%,2.9,0:02:58
1/13/17,4319,4607,0,13327,684,2474,886384,1341,4704,1154,0,684,44%,3.5,0:04:13,0,0,0,0%,10070,7001,1596,1366,1426,1047,235,170,9642,0.71s,54%,2.9,0:03:12
1/14/17,3064,3239,0,7293,41,1891,416695,755,1885,674,0,38,53%,2.5,0:02:50,0,0,0,0%,5677,4318,890,764,625,537,101,72,5413,0.85s,58%,2.3,0:02:09
1/15/17,3422,3598,0,8326,215,2202,478111,810,2166,720,0,49,53%,2.7,0:03:16,0,0,0,0%,6214,4737,1319,1175,688,574,105,68,5890,0.9s,61%,2.3,0:02:13
1/16/17,4360,4649,0,11654,152,2664,717529,1254,3771,1083,0,87,46%,3,0:03:26,0,0,0,0%,8603,6536,1791,1560,1037,881,223,158,8209,0.77s,57%,2.5,0:02:34
1/17/17,5033,5375,0,16310,985,2840,1000396,1609,7001,1409,0,985,43%,4.4,0:04:55,0,0,0,0%,12325,8375,1844,1560,1746,1302,395,269,11794,0.7s,53%,3,0:03:06
1/18/17,4969,5332,0,16410,897,2816,1028671,1568,5474,1331,0,541,42%,3.5,0:04:08,0,0,0,0%,11593,7987,2782,2392,1759,1266,276,205,11088,0.69s,53%,3.1,0:03:13
1/19/17,4963,5331,0,15672,817,2859,1041696,1554,6564,1317,0,817,42%,4.2,0:04:47,0,0,0,0%,11730,7940,2007,1679,1709,1256,226,168,11222,0.67s,54%,2.9,0:03:15
1/20/17,4296,4631,0,13077,860,2590,832579,1387,5716,1171,0,860,44%,4.1,0:05:02,0,0,0,0%,9977,6888,1443,1225,1405,1072,252,178,9536,0.71s,56%,2.8,0:03:00
1/21/17,2996,3138,0,7623,43,1805,461445,798,2272,711,0,43,49%,2.8,0:03:32,0,0,0,0%,5903,4388,831,662,714,583,175,108,5611,0.83s,58%,2.4,0:02:27
1/22/17,3338,3525,0,8070,54,2088,463029,807,2147,716,0,54,50%,2.7,0:03:03,0,0,0,0%,6350,4709,849,723,771,638,100,74,6066,0.79s,59%,2.3,0:02:11
1/23/17,5224,5547,0,16472,882,2904,1026720,1587,6770,1405,0,882,39%,4.3,0:04:50,0,0,0,0%,12543,8561,1713,1414,1974,1426,242,179,12008,0.7s,52%,3,0:03:05
1/24/17,5402,5740,0,16111,714,3069,1030494,1571,6276,1368,0,714,41%,4,0:04:39,0,0,0,0%,12138,8527,1744,1430,1898,1400,331,215,11639,0.68s,53%,2.8,0:03:00
1/25/17,4928,5297,0,15657,770,2713,1002750,1628,5684,1406,0,530,42%,3.5,0:04:08,0,0,0,0%,11703,8180,1703,1410,1862,1380,389,262,11221,0.68s,51%,3,0:03:09
1/26/17,4463,4804,0,15119,874,2414,1039729,1595,6545,1386,0,874,40%,4.1,0:05:24,0,0,0,0%,10920,7280,2008,1725,1813,1349,378,240,10371,0.72s,50%,3.1,0:03:36
1/27/17,4559,4872,0,13716,795,2594,822449,1423,5731,1225,0,795,43%,4,0:04:20,0,0,0,0%,10136,7100,1583,1304,1743,1261,254,179,9664,0.76s,53%,2.8,0:02:49
1/28/17,2882,3061,0,7344,51,1721,409804,795,2193,705,0,51,50%,2.8,0:02:39,0,0,0,0%,5684,4271,755,650,765,635,140,96,5417,0.84s,56%,2.4,0:02:14
1/29/17,2755,2899,0,7171,49,1615,411275,757,2181,674,0,49,50%,2.9,0:03:12,0,0,0,0%,5569,4082,722,591,771,638,109,79,5325,0.88s,56%,2.5,0:02:22
1/30/17,4477,4811,0,15599,1115,2337,974650,1558,6866,1356,0,1115,40%,4.4,0:04:38,0,0,0,0%,11611,7892,1629,1330,1987,1433,372,251,11115,0.74s,49%,3.2,0:03:23
1/31/17,4490,4796,0,14061,795,2537,832441,1504,6162,1301,0,795,41%,4.1,0:04:32,0,0,0,0%,10493,7201,1606,1368,1657,1219,305,212,9998,0.74s,53%,2.9,0:02:54
2/1/17,4405,4785,0,15434,867,2314,1076585,1693,7341,1444,0,867,38%,4.3,0:05:40,0,0,0,0%,11437,7685,1723,1482,1960,1385,314,212,10983,0.71s,48%,3.2,0:03:45
2/2/17,4715,5110,0,16606,933,2650,1076867,1673,7512,1410,0,933,41%,4.5,0:05:34,0,0,0,0%,11939,7946,2673,2341,1685,1232,309,197,11432,0.71s,52%,3.2,0:03:31
2/3/17,4454,4748,0,13083,528,2607,802429,1361,5097,1186,0,528,47%,3.7,0:04:18,0,0,0,0%,10061,7126,1290,1113,1416,1051,316,201,9643,0.74s,55%,2.8,0:02:49
2/4/17,2805,2979,0,6894,66,1724,399656,798,1893,697,0,35,57%,2.4,0:02:52,0,0,0,0%,5262,3917,820,709,660,560,152,76,5010,0.86s,58%,2.3,0:02:14
2/5/17,2339,2507,0,5873,33,1415,327872,675,1570,583,0,31,54%,2.3,0:02:38,0,0,0,0%,4518,3467,680,542,532,465,143,97,4258,0.86s,56%,2.3,0:02:11
2/6/17,4707,5039,0,14778,721,2600,949097,1509,5756,1279,0,721,40%,3.8,0:04:23,0,0,0,0%,11188,7857,1560,1270,1655,1249,375,251,10737,0.74s,52%,2.9,0:03:08
2/7/17,4393,4739,0,14839,736,2288,964006,1523,6231,1312,0,736,41%,4.1,0:05:02,0,0,0,0%,11266,7697,1582,1295,1621,1227,370,244,10717,0.74s,48%,3.1,0:03:23
2/8/17,4324,4634,0,14796,769,2251,982894,1504,6353,1301,0,769,38%,4.2,0:05:01,0,0,0,0%,10891,7422,1952,1705,1671,1222,282,200,10384,0.74s,49%,3.2,0:03:32
2/9/17,4297,4615,0,14936,804,2341,938792,1464,6414,1255,0,804,42%,4.4,0:05:21,0,0,0,0%,11435,7642,1685,1295,1503,1140,313,223,10873,0.72s,51%,3.2,0:03:23
2/10/17,4458,4773,0,13344,791,2631,824400,1323,4793,1130,0,791,45%,3.6,0:04:19,0,0,0,0%,10255,7208,1410,1124,1404,1068,275,204,9803,0.7s,55%,2.8,0:02:53
2/11/17,2857,3066,0,7112,35,1731,384238,826,2162,719,0,35,50%,2.6,0:02:50,0,0,0,0%,5724,4327,692,607,595,539,101,82,5477,0.95s,56%,2.3,0:02:05
2/12/17,3007,3198,0,7785,43,1844,422395,865,2280,761,0,27,55%,2.6,0:02:34,0,0,0,0%,6127,4591,863,732,671,578,124,86,5773,0.89s,58%,2.4,0:02:12
2/13/17,4884,5297,0,17314,975,2634,1051357,1712,7269,1464,0,975,40%,4.2,0:04:40,0,0,0,0%,12434,8573,2757,2346,1740,1309,383,262,11828,0.73s,50%,3.3,0:03:18
2/14/17,4123,4444,0,14702,982,2201,917062,1418,6466,1202,0,982,41%,4.6,0:04:59,0,0,0,0%,10942,7332,1768,1482,1617,1172,375,253,10413,0.71s,50%,3.3,0:03:26
2/15/17,4714,5104,0,15873,805,2566,1052779,1642,6844,1396,0,805,40%,4.2,0:05:02,0,0,0,0%,12263,8306,1473,1276,1783,1324,354,244,11746,0.75s,50%,3.1,0:03:26
2/16/17,4984,5401,0,16582,755,2865,1088848,1643,5639,1358,0,598,44%,3.4,0:04:14,0,0,0,0%,12480,8467,2294,1997,1563,1162,245,179,11966,0.69s,53%,3.1,0:03:22
2/17/17,4153,4470,0,14414,1136,2326,876593,1380,5177,1186,0,635,46%,3.8,0:04:07,0,0,0,0%,10187,7043,2508,2281,1479,1081,240,145,9758,0.77s,52%,3.2,0:03:16
2/18/17,3056,3269,0,7636,52,1915,462391,855,1902,753,0,52,59%,2.2,0:02:23,0,0,0,0%,6088,4527,829,707,622,511,97,67,5754,0.97s,59%,2.3,0:02:21
2/19/17,3790,4006,0,8732,49,2481,464868,904,2092,798,0,36,56%,2.3,0:02:30,0,0,0,0%,7001,5312,952,791,655,563,124,82,6639,0.93s,62%,2.2,0:01:56
2/20/17,5089,5463,0,14683,87,2865,881162,1584,4872,1373,0,84,45%,3.1,0:03:25,0,0,0,0%,11264,8358,1806,1505,1277,1098,336,220,10707,0.78s,52%,2.7,0:02:41
2/21/17,5155,5559,0,17926,714,2764,1177328,1687,6158,1443,0,714,44%,3.7,0:04:19,0,0,0,0%,12197,8385,3503,3240,1867,1349,359,230,11540,0.72s,50%,3.2,0:03:32
2/22/17,4507,4894,0,16003,750,2383,1006097,1593,6349,1360,0,750,42%,4,0:04:38,0,0,0,0%,11907,8143,2057,1755,1667,1263,372,230,11356,0.69s,49%,3.3,0:03:26
2/23/17,4760,5132,0,16391,770,2530,976720,1668,5752,1448,0,556,42%,3.4,0:03:50,0,0,0,0%,12159,8340,2238,1971,1703,1263,291,201,11583,0.76s,49%,3.2,0:03:10
2/24/17,4138,4509,0,14985,987,2307,947407,1459,5986,1226,0,775,46%,4.1,0:04:48,0,0,0,0%,10619,7187,2432,2193,1608,1134,326,194,10152,0.74s,51%,3.3,0:03:30
2/25/17,2937,3150,0,7986,95,1752,468546,852,2383,744,0,59,53%,2.8,0:03:08,0,0,0,0%,6169,4539,1071,915,619,527,127,92,5858,0.96s,56%,2.5,0:02:29
2/26/17,2985,3151,0,7335,86,1789,412044,812,2111,730,0,26,52%,2.6,0:02:43,0,0,0,0%,5751,4424,871,741,615,531,98,72,5416,0.94s,57%,2.3,0:02:11
2/27/17,5046,5488,0,17807,885,2644,1157308,1741,6852,1478,0,885,41%,3.9,0:04:22,0,0,0,0%,13573,9202,1828,1488,2024,1430,382,261,12916,0.7s,48%,3.2,0:03:31
2/28/17,4945,5351,0,17246,769,2547,1131100,1808,7589,1533,0,769,40%,4.2,0:04:41,0,0,0,0%,13012,8909,1888,1524,2005,1387,341,207,12368,0.71s,48%,3.2,0:03:31
3/1/17,4834,5186,0,16917,795,2565,1036341,1677,7027,1454,0,795,42%,4.2,0:03:55,0,0,0,0%,12349,8406,2504,2143,1787,1311,277,196,11739,0.69s,49%,3.3,0:03:20
3/2/17,4852,5222,0,17174,967,2615,1119568,1697,7596,1466,0,967,42%,4.5,0:05:05,0,0,0,0%,12738,8410,2344,1961,1830,1321,262,189,12138,0.72s,50%,3.3,0:03:34
3/3/17,4327,4670,0,14956,674,2370,928931,1513,5837,1296,0,674,44%,3.9,0:04:18,0,0,0,0%,10574,7331,2516,2231,1597,1187,269,190,10101,0.74s,51%,3.2,0:03:19
3/4/17,3026,3219,0,9427,1061,1823,474717,845,2095,750,0,21,54%,2.5,0:02:51,0,0,0,0%,6141,4520,2558,2385,599,516,129,91,5765,0.94s,57%,2.9,0:02:27
3/5/17,3145,3337,0,9071,1058,1935,431114,835,2024,732,0,37,56%,2.4,0:02:18,0,0,0,0%,6045,4564,2256,2100,674,578,96,78,5695,0.96s,58%,2.7,0:02:09
3/6/17,5155,5573,0,17230,961,2794,1095212,1741,5819,1491,0,673,43%,3.3,0:03:50,0,0,0,0%,13289,9194,1608,1330,2009,1368,324,216,12676,0.81s,50%,3.1,0:03:17
3/7/17,5221,5628,0,17270,770,2827,1139238,1755,7384,1496,0,770,40%,4.2,0:05:10,0,0,0,0%,13296,9105,1890,1604,1750,1367,334,226,12712,0.73s,50%,3.1,0:03:22
3/8/17,4802,5187,0,15775,797,2676,1001509,1649,5960,1399,0,520,43%,3.6,0:04:21,0,0,0,0%,11571,7908,2164,1788,1677,1258,363,221,11017,0.72s,52%,3,0:03:13
3/9/17,4975,5393,0,17020,693,2838,1053684,1726,6496,1472,0,693,47%,3.8,0:04:21,0,0,0,0%,12302,8551,2857,2545,1578,1181,283,189,11658,0.81s,53%,3.2,0:03:15
3/10/17,4883,5306,0,15690,562,2902,1004920,1650,5611,1385,0,533,48%,3.4,0:04:14,0,0,0,0%,11798,8219,2077,1775,1520,1141,295,182,11111,0.81s,55%,3,0:03:09
3/11/17,3948,4282,0,9993,188,2621,545481,1072,2527,918,0,41,62%,2.4,0:02:28,0,0,0,0%,7818,5924,1352,1199,706,600,117,86,7324,1.04s,61%,2.3,0:02:07
3/12/17,3850,4064,0,9576,108,2365,526038,954,2613,853,0,54,50%,2.7,0:02:45,0,0,0,0%,7581,5650,1077,931,825,716,93,70,7176,1.06s,58%,2.4,0:02:09
3/13/17,5731,6216,0,18666,701,3139,1210019,1908,7536,1622,0,701,43%,3.9,0:04:33,0,0,0,0%,13707,9607,2559,2164,2050,1519,350,238,13112,0.8s,50%,3,0:03:15
3/14/17,5569,6016,0,18009,680,3027,1179839,1814,7130,1571,0,680,44%,3.9,0:04:48,0,0,0,0%,13303,9290,2452,2112,2009,1471,245,176,12674,0.83s,50%,3,0:03:16
3/15/17,6103,6614,0,19586,556,3252,1307360,1997,7486,1693,0,556,43%,3.7,0:04:21,0,0,0,0%,14514,10199,2605,2241,2183,1683,284,206,13821,0.81s,49%,3,0:03:18
3/16/17,7095,7657,0,22284,718,3718,1430747,2189,8207,1899,0,718,42%,3.7,0:04:28,0,0,0,0%,16024,11294,3252,2771,2696,2090,312,211,15258,0.85s,49%,2.9,0:03:07
3/17/17,6365,6841,0,18249,797,3790,1039008,1734,5497,1512,0,395,52%,3.2,0:03:34,0,0,0,0%,12609,9276,3395,2566,2011,1542,234,152,11905,1.24s,55%,2.7,0:02:32
3/18/17,3675,3921,0,9869,203,2228,558905,1074,2755,953,0,55,57%,2.6,0:02:58,0,0,0,0%,7621,5542,1245,1094,873,691,130,96,7212,1.05s,57%,2.5,0:02:23
3/19/17,3039,3244,0,8357,100,1765,454884,954,2646,839,0,81,53%,2.8,0:02:51,0,0,0,0%,6562,4889,920,818,745,612,130,86,6217,0.81s,54%,2.6,0:02:20
3/20/17,4722,5097,0,16695,538,2401,1022010,1706,6935,1482,0,538,40%,4.1,0:04:37,0,0,0,0%,12650,8582,1943,1571,1757,1309,345,237,12079,0.71s,47%,3.3,0:03:21
3/21/17,4509,4857,0,15896,663,2336,952647,1654,6853,1432,0,663,40%,4.1,0:04:30,0,0,0,0%,12039,8182,1905,1578,1621,1209,331,222,11503,0.72s,48%,3.3,0:03:16
3/22/17,4213,4547,0,13965,533,2258,877279,1487,5378,1294,0,533,45%,3.6,0:04:03,0,0,0,0%,10731,7437,1511,1317,1439,1078,284,180,10216,0.73s,50%,3.1,0:03:13
3/23/17,4126,4447,0,13738,454,2213,849340,1472,5645,1265,0,454,45%,3.8,0:04:32,0,0,0,0%,10268,7159,1736,1537,1509,1129,225,156,9822,0.69s,50%,3.1,0:03:11
3/24/17,3772,4073,0,11829,418,2175,775945,1322,4728,1157,0,418,45%,3.6,0:04:13,0,0,0,0%,8891,6299,1463,1287,1212,930,263,188,8442,0.74s,53%,2.9,0:03:11
3/25/17,2912,3128,0,6977,96,1951,416033,817,1867,711,0,43,59%,2.3,0:02:47,0,0,0,0%,5352,4169,1026,939,516,436,83,65,5089,0.98s,62%,2.2,0:02:13
3/26/17,2778,2967,0,8082,414,1690,450467,796,2122,694,0,37,50%,2.7,0:02:47,0,0,0,0%,5676,4224,1702,1595,612,506,92,73,5409,0.91s,57%,2.7,0:02:32
3/27/17,4534,4918,0,16147,713,2367,1038952,1636,6834,1412,0,713,43%,4.2,0:04:51,0,0,0,0%,12219,8415,1883,1560,1664,1258,381,250,11664,0.71s,48%,3.3,0:03:31
3/28/17,4408,4771,0,15524,613,2333,1060772,1620,6351,1393,0,613,43%,3.9,0:04:41,0,0,0,0%,11730,7890,1835,1543,1594,1198,365,216,11237,0.69s,49%,3.3,0:03:42
3/29/17,4183,4552,0,14182,618,2291,931644,1578,6467,1327,0,618,41%,4.1,0:05:04,0,0,0,0%,10777,7377,1606,1383,1487,1113,312,189,10366,0.73s,50%,3.1,0:03:25
3/30/17,4307,4688,0,15844,783,2220,1054167,1622,6958,1379,0,783,39%,4.3,0:05:01,0,0,0,0%,11989,7807,2016,1666,1546,1175,293,189,11424,0.76s,47%,3.4,0:03:45
3/31/17,3928,4306,0,14186,991,2148,879568,1492,5727,1265,0,519,44%,3.8,0:04:47,0,0,0,0%,10254,7160,2350,2155,1304,1018,278,166,9788,0.77s,50%,3.3,0:03:24
4/1/17,2632,2819,0,6641,55,1653,337083,779,1949,682,0,45,54%,2.5,0:02:19,0,0,0,0%,5251,3909,726,660,556,484,108,71,4968,0.95s,59%,2.4,0:02:00
4/2/17,2680,2861,0,6909,38,1645,399387,808,2146,708,0,34,51%,2.7,0:03:00,0,0,0,0%,5396,4055,803,690,608,516,102,73,5138,0.92s,57%,2.4,0:02:20
4/3/17,4679,5080,0,16225,645,2489,1045481,1689,7031,1432,0,645,41%,4.2,0:04:59,0,0,0,0%,12200,8406,1776,1501,1890,1391,359,232,11616,0.71s,49%,3.2,0:03:26
4/4/17,4614,4987,0,16011,645,2405,1015565,1695,6984,1449,0,645,40%,4.1,0:05:05,0,0,0,0%,11967,8156,1940,1668,1698,1303,406,254,11359,0.76s,48%,3.2,0:03:24
4/5/17,4291,4684,0,14240,523,2327,904019,1683,6391,1429,0,523,45%,3.8,0:04:09,0,0,0,0%,11012,7579,1565,1317,1352,1047,311,204,10538,0.78s,50%,3,0:03:13
4/6/17,4477,4873,0,14376,549,2522,969883,1631,6023,1398,0,549,46%,3.7,0:04:44,0,0,0,0%,11158,7624,1500,1287,1452,1111,266,195,10649,0.79s,52%,3,0:03:19
4/7/17,4047,4371,0,13574,567,2236,951633,1375,5658,1198,0,567,43%,4.1,0:05:10,0,0,0,0%,10375,7038,1471,1300,1479,998,249,167,9919,0.84s,51%,3.1,0:03:38
4/8/17,2642,2840,0,7010,406,1673,401194,836,2052,732,0,43,54%,2.5,0:02:33,0,0,0,0%,5155,3850,1254,1181,499,422,102,74,4927,1.08s,59%,2.5,0:02:21
4/9/17,2658,2846,0,7340,424,1561,418956,811,2401,704,0,424,51%,3,0:03:07,0,0,0,0%,5277,3962,1372,1272,591,512,100,77,5042,0.98s,55%,2.6,0:02:27
4/10/17,4369,4759,0,15526,748,2267,1016638,1640,6361,1388,0,748,41%,3.9,0:04:34,0,0,0,0%,11664,7912,1847,1617,1723,1220,292,208,11123,0.78s,48%,3.3,0:03:34
4/11/17,4216,4573,0,14935,667,2233,1021910,1574,6090,1349,0,610,41%,3.9,0:04:48,0,0,0,0%,10920,7485,2069,1787,1602,1168,344,209,10407,0.82s,49%,3.3,0:03:43
4/12/17,4078,4419,0,14719,526,2150,991534,1531,6106,1314,0,526,41%,4,0:05:01,0,0,0,0%,10309,7079,2566,2333,1519,1127,325,208,9881,0.81s,49%,3.3,0:03:44
4/13/17,4010,4370,0,14366,786,2174,894372,1488,6028,1264,0,636,42%,4.1,0:04:19,0,0,0,0%,10678,7170,1793,1560,1656,1155,239,151,10209,0.78s,50%,3.3,0:03:25
4/14/17,3725,4046,0,12688,562,2103,881643,1310,5195,1132,0,562,44%,4,0:04:46,0,0,0,0%,9406,6496,1637,1291,1373,980,272,179,8993,0.76s,52%,3.1,0:03:38
4/15/17,2635,2805,0,6617,247,1708,360436,741,1765,642,0,28,55%,2.4,0:02:38,0,0,0,0%,4908,3744,1036,973,570,475,103,78,4741,1.07s,61%,2.4,0:02:08
4/16/17,2544,2660,0,7205,599,1500,413528,631,2302,564,0,599,54%,3.6,0:03:29,0,0,0,0%,5050,3765,1492,1410,548,426,115,75,4801,0.87s,56%,2.7,0:02:35
4/17/17,4878,5287,0,16465,533,2558,1092637,1725,6340,1470,0,533,40%,3.7,0:04:36,0,0,0,0%,12354,8610,1803,1467,1935,1467,373,244,11885,0.73s,48%,3.1,0:03:27
4/18/17,4508,4883,0,18333,2379,2303,1075456,1711,7114,1457,0,573,42%,4.2,0:04:52,0,0,0,0%,11942,8158,4038,2672,1880,1365,473,281,11478,0.72s,47%,3.8,0:03:40
4/19/17,4854,5223,0,15912,581,2656,1055584,1653,6642,1422,0,581,43%,4,0:05:01,0,0,0,0%,11843,8296,1886,1646,1846,1393,337,219,11267,0.74s,51%,3,0:03:22
4/20/17,4751,5141,0,15431,616,2589,1064430,1648,5793,1422,0,513,44%,3.5,0:04:40,0,0,0,0%,11701,7979,1761,1520,1684,1252,285,187,11171,0.73s,50%,3,0:03:27
4/21/17,4275,4604,0,13696,553,2421,863201,1428,5788,1240,0,553,44%,4.1,0:04:41,0,0,0,0%,10378,7287,1488,1268,1544,1106,286,191,9962,0.76s,53%,3,0:03:07
4/22/17,2770,2951,0,7186,87,1664,418368,823,2083,731,0,54,52%,2.5,0:02:52,0,0,0,0%,5616,4220,822,730,645,528,103,76,5432,0.97s,56%,2.4,0:02:22
4/23/17,2628,2809,0,9293,1077,1520,433706,789,2139,688,0,62,52%,2.7,0:03:10,0,0,0,0%,5656,4233,2836,2702,679,578,122,89,5411,0.86s,54%,3.3,0:02:34
4/24/17,4443,4852,0,15627,669,2312,1038589,1687,6171,1424,0,490,41%,3.7,0:04:27,0,0,0,0%,11459,7998,1959,1481,1837,1376,372,231,11031,0.73s,48%,3.2,0:03:34
4/25/17,4699,5072,0,16541,608,2446,1097886,1705,7160,1464,0,608,40%,4.2,0:05:14,0,0,0,0%,12278,8383,2209,1746,1746,1302,308,215,11773,0.73s,48%,3.3,0:03:36
4/26/17,4489,4877,0,16655,661,2281,1162958,1707,6553,1452,0,661,39%,3.8,0:04:59,0,0,0,0%,11730,8068,2726,2084,1869,1367,330,225,11270,0.72s,47%,3.4,0:03:58
4/27/17,4191,4561,0,14896,637,2184,1040263,1680,7244,1425,0,637,39%,4.3,0:05:17,0,0,0,0%,11240,7461,1659,1438,1720,1220,277,174,10757,0.74s,48%,3.3,0:03:48
4/28/17,4064,4448,0,15263,1950,2159,872843,1561,5860,1307,0,517,44%,3.8,0:04:27,0,0,0,0%,10105,7108,3442,2544,1485,1222,231,150,9705,0.77s,49%,3.4,0:03:16
4/29/17,2475,2652,0,6155,55,1503,368263,764,1806,663,0,47,54%,2.4,0:02:32,0,0,0,0%,4676,3646,868,774,532,469,79,57,4509,0.98s,57%,2.3,0:02:19
4/30/17,2567,2718,0,6838,82,1471,393511,739,2000,655,0,28,51%,2.7,0:02:43,0,0,0,0%,5190,3900,923,776,596,524,129,94,5000,0.94s,54%,2.5,0:02:25
5/1/17,4567,4974,0,18553,1883,2279,1189195,1759,7135,1496,0,621,40%,4.1,0:05:12,0,0,0,0%,12483,8655,3872,2965,1841,1446,357,224,11997,0.76s,46%,3.7,0:03:59
5/2/17,4360,4707,0,15325,523,2247,1057842,1611,6063,1390,0,523,41%,3.8,0:04:12,0,0,0,0%,11160,7806,2055,1806,1762,1337,348,198,10621,0.74s,48%,3.3,0:03:45
5/3/17,4258,4581,0,14914,498,2254,1098286,1557,6611,1358,0,498,41%,4.2,0:05:43,0,0,0,0%,10855,7373,2124,1741,1598,1249,337,224,10447,0.74s,49%,3.3,0:04:00
5/4/17,3922,4230,0,14242,504,2047,1019673,1478,5698,1269,0,504,39%,3.9,0:05:13,0,0,0,0%,9645,6739,2686,2370,1519,1213,392,233,9261,0.75s,48%,3.4,0:04:01
5/5/17,3528,3816,0,12093,606,1859,854569,1274,5149,1095,0,606,42%,4,0:05:08,0,0,0,0%,8922,6141,1510,1229,1351,1008,310,179,8616,0.74s,49%,3.2,0:03:44
5/6/17,2530,2710,0,8254,1751,1554,354995,689,1622,597,0,35,54%,2.4,0:02:10,0,0,0,0%,4925,3742,2706,2042,533,459,90,60,4740,1.62s,57%,3,0:02:11
5/7/17,2586,2727,0,7293,428,1577,389470,703,1966,624,0,58,55%,2.8,0:03:00,0,0,0,0%,5708,4278,924,816,568,498,93,66,5501,1.07s,58%,2.7,0:02:23
5/8/17,4449,4833,0,14712,549,2331,1025852,1632,5912,1391,0,548,39%,3.6,0:05:01,0,0,0,0%,11146,7792,1578,1249,1709,1307,279,199,10660,0.83s,48%,3,0:03:32
5/9/17,4779,5175,0,16659,567,2596,1131346,1608,6671,1354,0,567,41%,4.1,0:05:23,0,0,0,0%,11818,8296,2733,1747,1791,1354,317,213,11419,0.74s,50%,3.2,0:03:39
5/10/17,4214,4584,0,14051,553,2218,1047493,1666,6361,1426,0,553,42%,3.8,0:05:18,0,0,0,0%,10615,7404,1532,1321,1634,1271,270,168,10239,0.78s,48%,3.1,0:03:49
5/11/17,4437,4856,0,17391,1945,2421,1108678,1769,7034,1489,0,706,42%,4,0:05:11,0,0,0,0%,11270,7679,4141,3262,1689,1260,291,188,10820,0.75s,50%,3.6,0:03:48
5/12/17,3836,4134,0,13000,453,2113,856365,1426,5158,1253,0,453,46%,3.6,0:04:19,0,0,0,0%,9067,6420,2365,2074,1351,1048,217,155,8680,0.82s,51%,3.1,0:03:27
5/13/17,2392,2550,0,7616,1313,1445,315526,747,1889,657,0,28,53%,2.5,0:02:11,0,0,0,0%,6037,4139,874,748,622,533,83,60,5902,0.9s,57%,3,0:02:04
5/14/17,2308,2465,0,5870,80,1442,347556,638,1526,546,0,45,54%,2.4,0:02:51,0,0,0,0%,4462,3377,802,726,509,433,97,66,4300,0.84s,58%,2.4,0:02:21
5/15/17,4510,4895,0,16781,1013,2256,1069176,1743,7251,1491,0,580,38%,4.2,0:05:14,0,0,0,0%,11916,8356,2743,2501,1770,1373,352,238,11433,0.72s,46%,3.4,0:03:38
5/16/17,5107,5517,0,16858,625,2822,1147394,1775,7064,1516,0,625,42%,4,0:05:10,0,0,0,0%,12489,8652,2206,1820,1753,1354,410,267,12001,0.73s,51%,3.1,0:03:28
5/17/17,4615,4972,0,17402,934,2419,1035909,1649,6103,1411,0,579,41%,3.7,0:04:40,0,0,0,0%,11594,7925,3875,3401,1635,1253,298,199,11106,0.75s,49%,3.5,0:03:28
5/18/17,4172,4475,0,13809,574,2236,948386,1502,5580,1310,0,574,41%,3.7,0:04:27,0,0,0,0%,10332,7174,1706,1422,1526,1182,245,168,9896,0.8s,50%,3.1,0:03:32
5/19/17,3772,4027,0,12312,547,1921,824367,1415,5076,1264,0,461,39%,3.6,0:04:45,0,0,0,0%,9205,6441,1438,1145,1430,1134,239,145,8827,0.73s,48%,3.1,0:03:25
5/20/17,2928,3106,0,7328,81,1809,419630,847,2308,750,0,40,55%,2.7,0:02:53,0,0,0,0%,5653,4240,887,732,665,552,123,83,5372,1.06s,58%,2.4,0:02:15
5/21/17,3011,3204,0,8120,80,1798,469911,860,2326,761,0,30,51%,2.7,0:02:52,0,0,0,0%,6296,4614,1018,864,696,603,110,79,5954,0.9s,56%,2.5,0:02:27
5/22/17,4816,5247,0,16556,652,2530,1003574,1839,7478,1553,0,652,40%,4.1,0:04:17,0,0,0,0%,12323,8496,1865,1599,1969,1483,399,267,11824,0.8s,48%,3.2,0:03:11
5/23/17,4513,4928,0,15495,610,2396,1046538,1746,6084,1463,0,610,40%,3.5,0:04:10,0,0,0,0%,11360,7918,2109,1830,1759,1361,267,180,10874,0.75s,49%,3.1,0:03:32
5/24/17,4309,4677,0,14377,555,2323,943545,1646,6783,1390,0,555,41%,4.1,0:04:54,0,0,0,0%,10777,7427,1599,1362,1718,1277,283,184,10307,0.75s,50%,3.1,0:03:22
5/25/17,4324,4703,0,14718,525,2267,987748,1657,6836,1415,0,525,39%,4.1,0:04:53,0,0,0,0%,11077,7549,1580,1314,1768,1322,293,200,10631,0.78s,48%,3.1,0:03:30
5/26/17,3630,3920,0,11631,417,2003,728531,1322,4991,1135,0,417,45%,3.8,0:04:37,0,0,0,0%,8907,6116,1175,994,1358,1041,191,135,8576,0.84s,51%,3,0:03:06
5/27/17,2949,3127,0,6992,78,1853,404217,794,1931,702,0,46,55%,2.4,0:02:53,0,0,0,0%,5403,4097,918,793,581,504,90,56,5209,1.07s,59%,2.2,0:02:09
5/28/17,3002,3185,0,7484,82,1912,391194,759,1922,676,0,66,57%,2.5,0:02:35,0,0,0,0%,5834,4413,969,839,609,489,72,58,5607,0.98s,60%,2.3,0:02:03
5/29/17,3392,3641,0,9514,65,1929,581233,1078,3115,943,0,65,48%,2.9,0:03:11,0,0,0,0%,7263,5356,1114,958,957,769,180,115,6971,0.92s,53%,2.6,0:02:40
5/30/17,5281,5758,0,17920,637,2832,1200108,1935,7670,1637,0,637,41%,4,0:04:29,0,0,0,0%,13293,9156,2198,1902,2064,1582,365,243,12735,0.8s,49%,3.1,0:03:28
5/31/17,5715,6152,0,20033,690,2893,1348926,2043,8341,1772,0,690,41%,4.1,0:04:47,0,0,0,0%,14704,9860,2898,2547,2082,1641,349,212,13973,1.01s,47%,3.3,0:03:39
6/1/17,5163,5613,0,17852,622,2734,1124199,2052,7559,1771,0,622,44%,3.7,0:03:59,0,0,0,0%,12991,8895,2572,2293,1969,1531,320,202,12418,0.89s,49%,3.2,0:03:20
6/2/17,4188,4530,0,15924,1410,2287,935246,1556,6147,1339,0,589,43%,4,0:05:16,0,0,0,0%,10272,6925,3777,3574,1564,1177,311,196,9922,0.81s,50%,3.5,0:03:26
6/3/17,2861,3055,0,7391,76,1757,463940,856,2271,747,0,37,52%,2.7,0:02:46,0,0,0,0%,5633,4154,960,839,694,584,104,67,5448,1.18s,58%,2.4,0:02:32
6/4/17,3010,3187,0,8015,86,1769,503092,848,2343,756,0,31,48%,2.8,0:02:54,0,0,0,0%,6159,4586,1024,909,721,611,111,82,5959,1s,56%,2.5,0:02:38
6/5/17,4668,5107,0,16572,814,2476,1065439,1795,7765,1527,0,814,39%,4.3,0:04:52,0,0,0,0%,12353,8110,1836,1592,2067,1577,316,217,11911,0.78s,48%,3.2,0:03:29
6/6/17,4562,4922,0,15365,641,2460,988799,1709,6502,1474,0,469,42%,3.8,0:04:37,0,0,0,0%,11553,7779,1687,1413,1762,1358,363,240,11144,0.81s,50%,3.1,0:03:21
6/7/17,4345,4733,0,15009,688,2310,1021909,1676,6975,1409,0,688,41%,4.2,0:05:09,0,0,0,0%,11122,7424,1833,1545,1729,1327,325,207,10713,0.77s,49%,3.2,0:03:36
6/8/17,4080,4448,0,14087,672,2195,916557,1585,5908,1324,0,672,41%,3.7,0:04:11,0,0,0,0%,10785,7180,1409,1202,1656,1212,237,185,10364,0.77s,49%,3.2,0:03:26
6/9/17,3751,4076,0,12723,582,2011,877487,1420,5866,1217,0,582,44%,4.1,0:05:11,0,0,0,0%,9426,6338,1586,1277,1477,1142,234,166,9074,0.8s,49%,3.1,0:03:35
6/10/17,2451,2644,0,6183,85,1506,373860,748,1990,645,0,49,51%,2.7,0:03:31,0,0,0,0%,4780,3608,767,670,552,471,84,62,4578,1.02s,57%,2.3,0:02:21
6/11/17,2458,2627,0,6358,43,1516,392456,746,2005,660,0,34,53%,2.7,0:03:29,0,0,0,0%,4970,3683,715,594,580,482,93,70,4772,0.95s,58%,2.4,0:02:29
6/12/17,4264,4614,0,14851,700,2220,979931,1555,5945,1362,0,700,41%,3.8,0:04:47,0,0,0,0%,11190,7517,1646,1362,1682,1273,333,232,10765,0.79s,48%,3.2,0:03:32
6/13/17,4199,4545,0,14603,648,2131,986148,1583,6407,1356,0,648,39%,4,0:05:03,0,0,0,0%,10723,7318,1868,1579,1674,1325,338,231,10388,0.82s,47%,3.2,0:03:37
6/14/17,4156,4507,0,16216,1047,2213,1009270,1565,6467,1344,0,737,44%,4.1,0:05:25,0,0,0,0%,10627,7209,3650,3229,1640,1228,299,212,10259,0.76s,49%,3.6,0:03:44
6/15/17,4320,4691,0,14371,704,2321,1008913,1614,6459,1388,0,704,41%,4,0:05:09,0,0,0,0%,10530,7018,1851,1561,1729,1333,261,174,10155,0.76s,49%,3.1,0:03:35
6/16/17,3649,3958,0,12933,564,1905,894760,1432,6082,1221,0,564,40%,4.2,0:05:22,0,0,0,0%,9760,6479,1462,1199,1452,1112,259,178,9399,0.76s,48%,3.3,0:03:46
6/17/17,2432,2595,0,6199,45,1478,410675,684,1718,600,0,30,53%,2.5,0:02:54,0,0,0,0%,4869,3585,694,601,570,490,66,51,4742,1.14s,57%,2.4,0:02:38
6/18/17,2362,2481,0,6009,77,1416,344716,680,1764,610,0,30,54%,2.6,0:02:29,0,0,0,0%,4557,3423,820,705,566,486,66,60,4436,0.9s,57%,2.4,0:02:19
6/19/17,4415,4761,0,17073,1810,2286,1010191,1623,6784,1403,0,654,40%,4.2,0:04:56,0,0,0,0%,11262,7705,3725,2829,1752,1364,334,225,10857,0.76s,48%,3.6,0:03:32
6/20/17,4299,4661,0,15116,654,2202,976024,1560,5981,1319,0,288,38%,3.8,0:04:14,0,0,0,0%,11251,7640,1766,1486,1768,1367,331,229,10833,0.73s,47%,3.2,0:03:29
6/21/17,4805,5168,0,16857,673,2390,1467780,1703,6130,1474,0,537,42%,3.6,0:04:41,0,0,0,0%,11094,7517,3597,3300,1901,1472,265,170,10725,0.71s,46%,3.3,0:04:44
6/22/17,4413,4794,0,16074,739,2310,1174788,1670,7474,1409,0,739,43%,4.5,0:05:23,0,0,0,0%,11392,7449,2625,2328,1762,1328,295,194,10996,0.79s,48%,3.4,0:04:05
6/23/17,3567,3868,0,12077,433,1855,852781,1329,4922,1139,0,433,42%,3.7,0:04:43,0,0,0,0%,8664,6071,1813,1578,1357,1059,243,175,8296,0.75s,48%,3.1,0:03:40
6/24/17,2536,2700,0,9178,1777,1483,499494,704,1974,626,0,35,53%,2.8,0:03:15,0,0,0,0%,4977,3649,3469,2787,620,521,112,80,4832,0.91s,55%,3.4,0:03:05
6/25/17,2551,2691,0,7079,87,1405,526981,712,1958,644,0,33,49%,2.8,0:03:11,0,0,0,0%,5393,4033,856,753,742,610,88,58,5221,0.87s,52%,2.6,0:03:16
6/26/17,4223,4597,0,14843,498,2114,1007348,1655,6478,1417,0,498,41%,3.9,0:05:00,0,0,0,0%,11137,7582,1710,1392,1738,1375,258,163,10749,0.78s,46%,3.2,0:03:39
6/27/17,4165,4536,0,15028,652,2082,1031949,1635,6996,1396,0,652,39%,4.3,0:05:36,0,0,0,0%,11395,7683,1511,1273,1798,1398,324,224,10983,0.71s,46%,3.3,0:03:48
6/28/17,3985,4326,0,13564,679,2109,916336,1487,5823,1260,0,679,43%,3.9,0:05:04,0,0,0,0%,10195,6872,1528,1304,1549,1184,292,195,9726,0.77s,49%,3.1,0:03:32
6/29/17,3965,4320,0,13371,628,2081,937264,1492,5960,1268,0,628,42%,4,0:05:10,0,0,0,0%,10043,6903,1494,1257,1548,1241,286,183,9669,0.78s,48%,3.1,0:03:37
6/30/17,3590,3904,0,11923,501,1874,785578,1407,5335,1218,0,501,43%,3.8,0:04:34,0,0,0,0%,9079,6228,1171,1006,1497,1137,176,138,8749,0.86s,48%,3.1,0:03:21
7/1/17,2466,2654,0,6791,84,1414,409575,803,2171,712,0,35,49%,2.7,0:03:00,0,0,0,0%,5162,3805,837,728,699,578,93,61,4999,1.08s,53%,2.6,0:02:34
7/2/17,2584,2772,0,6937,70,1555,417161,763,2138,664,0,70,50%,2.8,0:03:17,0,0,0,0%,5449,3988,786,677,594,506,108,61,5254,1s,56%,2.5,0:02:30
7/3/17,3912,4223,0,12479,636,2080,882520,1388,5176,1196,0,636,43%,3.7,0:04:41,0,0,0,0%,9448,6654,1397,1196,1411,1052,223,163,9129,0.88s,49%,3,0:03:29
7/4/17,2619,2830,0,6898,40,1502,425264,856,2127,726,0,40,51%,2.5,0:03:03,0,0,0,0%,5283,4104,867,742,641,551,107,74,5097,0.99s,53%,2.4,0:02:30
7/5/17,4495,4891,0,14727,646,2398,1037311,1719,6723,1473,0,646,41%,3.9,0:04:49,0,0,0,0%,11083,7586,1686,1430,1675,1296,283,195,10709,0.83s,49%,3,0:03:32
7/6/17,5228,5824,0,18506,676,2691,1267558,2200,8761,1807,0,676,40%,4,0:04:50,0,0,0,0%,14789,9570,1494,1263,1902,1402,321,216,14241,0.88s,46%,3.2,0:03:38
7/7/17,3984,4312,0,12991,542,2133,1039534,1491,5649,1285,0,542,44%,3.8,0:05:08,0,0,0,0%,9572,6635,1673,1491,1472,1170,274,186,9229,0.86s,49%,3,0:04:01
7/8/17,2582,2743,0,6961,86,1525,432197,792,2119,714,0,33,54%,2.7,0:03:04,0,0,0,0%,5092,3765,1145,989,646,554,78,56,4947,1.1s,56%,2.5,0:02:38
7/9/17,2455,2637,0,6603,80,1441,371965,744,2025,648,0,43,52%,2.7,0:02:28,0,0,0,0%,4999,3739,853,730,624,529,127,88,4870,0.99s,55%,2.5,0:02:21
7/10/17,4060,4419,0,13976,523,2092,1035314,1563,6460,1337,0,523,41%,4.1,0:05:29,0,0,0,0%,10429,7053,1634,1394,1628,1274,285,200,10054,0.81s,47%,3.2,0:03:54
7/11/17,3870,4213,0,13314,617,1992,937151,1502,5782,1269,0,617,41%,3.8,0:04:51,0,0,0,0%,9709,6625,1740,1471,1576,1264,289,180,9388,0.84s,47%,3.2,0:03:42
7/12/17,3952,4284,0,13687,495,2156,974978,1430,5879,1211,0,495,42%,4.1,0:05:27,0,0,0,0%,9802,6486,2120,1881,1514,1140,251,187,9390,0.8s,50%,3.2,0:03:48
7/13/17,3804,4157,0,13553,430,2026,959712,1478,5497,1253,0,430,44%,3.7,0:05:02,0,0,0,0%,9383,6471,2481,2191,1457,1144,232,163,8971,0.92s,49%,3.3,0:03:51
7/14/17,3508,3789,0,11657,498,1906,822005,1305,5280,1134,0,498,42%,4,0:05:12,0,0,0,0%,8641,5853,1458,1263,1348,1025,210,143,8305,0.89s,50%,3.1,0:03:37
7/15/17,2353,2528,0,5920,22,1422,365211,729,1867,635,0,22,50%,2.6,0:02:34,0,0,0,0%,4628,3461,655,589,551,467,86,66,4499,1.06s,56%,2.3,0:02:24
7/16/17,2409,2547,0,6248,53,1435,362712,679,1878,610,0,32,49%,2.8,0:03:01,0,0,0,0%,4707,3486,782,629,653,552,106,64,4580,1.06s,56%,2.5,0:02:22
7/17/17,3927,4283,0,14167,594,1931,1015399,1489,6098,1264,0,594,39%,4.1,0:05:21,0,0,0,0%,10634,7138,1564,1284,1697,1339,272,185,10224,0.81s,45%,3.3,0:03:57
7/18/17,3879,4234,0,13042,527,2088,918542,1444,5879,1226,0,527,41%,4.1,0:05:09,0,0,0,0%,9720,6627,1497,1275,1522,1195,303,189,9363,0.8s,49%,3.1,0:03:37
7/19/17,3860,4182,0,12935,525,2048,887420,1425,5215,1224,0,430,41%,3.7,0:04:19,0,0,0,0%,9633,6448,1479,1221,1555,1124,268,182,9324,0.8s,49%,3.1,0:03:32
7/20/17,3686,4007,0,12937,502,1880,844865,1437,5830,1214,0,502,40%,4.1,0:04:39,0,0,0,0%,9686,6471,1390,1113,1587,1180,274,191,9397,0.81s,47%,3.2,0:03:31
7/21/17,3833,4147,0,13086,494,2003,837152,1403,5423,1236,0,494,45%,3.9,0:04:52,0,0,0,0%,9489,6559,1720,1216,1590,1231,287,182,9181,0.83s,48%,3.2,0:03:22
7/22/17,2835,3053,0,7437,49,1768,395719,797,2131,672,0,42,53%,2.7,0:02:33,0,0,0,0%,5565,4082,988,860,748,625,136,85,5416,1.03s,58%,2.4,0:02:10
7/23/17,2800,2974,0,7466,80,1626,507499,751,2034,654,0,43,48%,2.7,0:02:45,0,0,0,0%,5392,4040,1062,916,866,711,146,81,5245,0.89s,55%,2.5,0:02:51
7/24/17,4402,4759,0,19161,2804,2097,1079533,1538,6761,1329,0,799,37%,4.4,0:05:16,0,0,0,0%,11771,8125,4958,3164,2072,1616,360,225,11217,0.74s,44%,4,0:03:47
7/25/17,3953,4277,0,13789,491,2006,930190,1452,5738,1240,0,491,43%,4,0:04:55,0,0,0,0%,10091,7084,1761,1544,1667,1320,270,194,9633,0.78s,47%,3.2,0:03:37
7/26/17,3794,4110,0,13427,501,1874,856709,1358,5575,1169,0,501,41%,4.1,0:04:42,0,0,0,0%,9878,6785,1592,1312,1659,1275,298,176,9567,0.74s,46%,3.3,0:03:28
7/27/17,3982,4343,0,14434,432,1895,1017514,1549,6309,1325,0,432,37%,4.1,0:05:04,0,0,0,0%,10513,7292,1552,1360,2022,1577,347,225,10173,0.71s,44%,3.3,0:03:54
7/28/17,3640,3936,0,12880,439,1772,855451,1326,5401,1151,0,439,40%,4.1,0:04:51,0,0,0,0%,9657,6615,1254,1090,1727,1352,242,169,9355,0.74s,45%,3.3,0:03:37
7/29/17,2428,2598,0,9257,2139,1388,487817,761,2037,665,0,29,51%,2.7,0:03:15,0,0,0,0%,5089,3814,3312,2457,753,653,103,75,4899,0.96s,53%,3.6,0:03:08
7/30/17,2396,2551,0,7529,457,1383,438373,720,2377,642,0,457,50%,3.3,0:03:16,0,0,0,0%,5120,3715,1585,1472,719,625,105,75,4954,0.92s,54%,3,0:02:52
7/31/17,4131,4478,0,14397,560,2026,1031530,1571,6378,1353,0,560,42%,4.1,0:05:09,0,0,0,0%,10600,7400,1504,1256,1924,1459,369,225,10251,0.75s,45%,3.2,0:03:50
8/1/17,4066,4383,0,14214,670,2039,991315,1461,6286,1256,0,670,38%,4.3,0:05:20,0,0,0,0%,10657,7488,1418,1182,1851,1414,288,193,10285,0.74s,47%,3.2,0:03:46
8/2/17,3648,3962,0,12394,368,1820,802641,1456,5512,1257,0,368,39%,3.8,0:04:25,0,0,0,0%,9111,6449,1318,1127,1666,1250,325,196,8849,0.74s,46%,3.1,0:03:23
8/3/17,3992,4368,0,16009,2018,2034,1036236,1587,6043,1341,0,580,39%,3.8,0:04:25,0,0,0,0%,10423,7092,3531,2449,1845,1363,210,150,10057,0.72s,47%,3.7,0:03:57
8/4/17,3544,3878,0,11961,488,1878,811019,1421,5524,1218,0,488,43%,3.9,0:04:59,0,0,0,0%,8964,6224,1238,1062,1529,1189,230,145,8689,0.79s,48%,3.1,0:03:29
8/5/17,2297,2454,0,5801,83,1361,351150,746,1826,667,0,34,51%,2.4,0:02:51,0,0,0,0%,4425,3408,652,577,636,544,88,70,4257,1.05s,55%,2.4,0:02:23
8/6/17,2212,2358,0,5722,52,1273,342349,699,1720,616,0,21,49%,2.5,0:02:33,0,0,0,0%,4297,3304,705,610,639,532,81,58,4194,0.97s,54%,2.4,0:02:25
8/7/17,4063,4418,0,14471,627,2039,1000343,1586,6824,1355,0,627,39%,4.3,0:05:25,0,0,0,0%,10649,7293,1539,1312,1949,1495,334,221,10239,0.79s,46%,3.3,0:03:46
8/8/17,4105,4441,0,14271,562,2039,999997,1549,6415,1336,0,562,38%,4.1,0:04:53,0,0,0,0%,10730,7395,1411,1194,1834,1437,296,200,10418,0.71s,46%,3.2,0:03:45
8/9/17,3851,4195,0,13132,553,1963,930704,1502,5931,1268,0,553,39%,3.9,0:05:05,0,0,0,0%,9538,6619,1614,1353,1706,1315,274,181,9242,0.88s,47%,3.1,0:03:42
8/10/17,3605,3942,0,14654,1927,1809,958845,1486,6045,1259,0,534,40%,4.1,0:05:23,0,0,0,0%,9326,6347,3473,2587,1577,1233,278,185,8970,0.82s,46%,3.7,0:04:03
8/11/17,3614,3929,0,12315,562,1840,881730,1319,5545,1109,0,562,40%,4.2,0:05:09,0,0,0,0%,9016,6210,1322,1141,1700,1245,277,173,8720,0.78s,47%,3.1,0:03:44
8/12/17,2314,2453,0,6065,78,1319,394481,702,1840,626,0,21,50%,2.6,0:03:05,0,0,0,0%,4727,3539,567,500,681,572,90,62,4570,1.03s,54%,2.5,0:02:41
8/13/17,2115,2265,0,5625,87,1182,337871,701,1631,628,0,34,50%,2.3,0:02:37,0,0,0,0%,4222,3185,701,617,632,521,70,57,4101,0.98s,52%,2.5,0:02:29
8/14/17,4024,4368,0,14153,452,1940,1015446,1636,6564,1408,0,452,36%,4,0:05:00,0,0,0,0%,10361,7152,1558,1320,1928,1460,306,207,10023,0.82s,44%,3.2,0:03:52
8/15/17,4232,4599,0,16187,1957,2206,1045353,1639,6227,1404,0,505,39%,3.8,0:04:31,0,0,0,0%,10330,7133,3732,2811,1840,1394,285,173,9960,0.74s,48%,3.5,0:03:47
8/16/17,4026,4382,0,13241,443,2092,967305,1573,5906,1323,0,443,41%,3.8,0:05:13,0,0,0,0%,9836,6932,1425,1170,1680,1324,300,207,9545,0.8s,48%,3,0:03:41
8/17/17,4087,4461,0,14424,450,2092,1002289,1606,6898,1365,0,450,39%,4.3,0:05:28,0,0,0,0%,10940,7300,1409,1151,1811,1391,264,181,10649,0.76s,47%,3.2,0:03:45
8/18/17,3566,3867,0,10920,476,1905,814253,1326,4729,1143,0,476,43%,3.6,0:04:59,0,0,0,0%,8299,5913,1069,907,1375,1082,177,122,8071,0.8s,49%,2.8,0:03:31
8/19/17,2304,2440,0,5981,59,1341,388400,674,1779,601,0,56,50%,2.6,0:03:13,0,0,0,0%,4457,3340,766,622,675,563,83,59,4333,0.97s,55%,2.5,0:02:39
8/20/17,2373,2525,0,8145,1041,1424,366256,700,1952,621,0,61,50%,2.8,0:02:37,0,0,0,0%,4666,3420,2764,2620,640,528,75,53,4512,1s,56%,3.2,0:02:25
8/21/17,3188,3427,0,11317,523,1606,797600,1202,5374,1055,0,523,41%,4.5,0:05:44,0,0,0,0%,8504,5648,1011,868,1556,1134,246,158,8210,0.71s,47%,3.3,0:03:53
8/22/17,3883,4170,0,12969,452,1997,960408,1379,5660,1209,0,452,39%,4.1,0:05:21,0,0,0,0%,9593,6637,1452,1203,1632,1244,292,195,9253,0.75s,48%,3.1,0:03:50
8/23/17,3809,4126,0,14684,454,1951,937227,1438,5581,1234,0,454,38%,3.9,0:04:49,0,0,0,0%,9438,6532,3366,3175,1587,1227,293,201,9153,0.75s,47%,3.6,0:03:47
8/24/17,3661,3967,0,12776,541,1921,935031,1347,5054,1133,0,541,40%,3.8,0:04:46,0,0,0,0%,9099,6300,1841,1637,1563,1175,273,187,8770,0.84s,48%,3.2,0:03:56
8/25/17,3659,3972,0,14144,2000,1859,901708,1375,5139,1199,0,325,40%,3.7,0:05:09,0,0,0,0%,8622,6121,3633,2739,1710,1287,179,127,8357,0.76s,47%,3.6,0:03:47
8/26/17,2344,2506,0,6189,225,1362,457391,768,2005,668,0,27,50%,2.6,0:03:09,0,0,0,0%,4417,3386,1004,881,663,552,105,80,4297,0.87s,54%,2.5,0:03:03
8/27/17,2155,2300,0,5496,57,1228,313489,714,1770,633,0,26,48%,2.5,0:02:22,0,0,0,0%,4158,3231,599,522,638,554,101,67,4042,0.91s,53%,2.4,0:02:16
8/28/17,4081,4449,0,16667,2192,1994,1012816,1610,6368,1386,0,567,38%,4,0:04:49,0,0,0,0%,10628,7387,3739,2646,1992,1536,308,205,10265,0.67s,45%,3.7,0:03:48
8/29/17,3860,4196,0,13064,479,1937,1013567,1476,5751,1251,0,479,38%,3.9,0:04:50,0,0,0,0%,9590,6632,1485,1214,1703,1281,286,187,9283,0.73s,46%,3.1,0:04:02
8/30/17,3607,3920,0,12263,518,1800,899522,1389,5171,1199,0,518,39%,3.7,0:04:42,0,0,0,0%,9006,6275,1265,1050,1721,1278,271,180,8723,0.74s,46%,3.1,0:03:49
8/31/17,3681,4038,0,13432,594,1756,966341,1530,6433,1302,0,594,36%,4.2,0:05:25,0,0,0,0%,10147,6656,1258,1083,1776,1287,251,178,9824,0.74s,43%,3.3,0:03:59
9/1/17,3626,3908,0,11787,396,1891,926151,1258,4914,1093,0,396,42%,3.9,0:05:05,0,0,0,0%,8704,6096,1254,1091,1578,1179,251,156,8405,0.76s,48%,3,0:03:57
9/2/17,2298,2468,0,8088,2042,1342,422594,734,1983,655,0,51,52%,2.7,0:03:14,0,0,0,0%,4659,3532,2658,1854,669,531,102,76,4556,0.99s,54%,3.3,0:02:51
9/3/17,2255,2387,0,5910,49,1280,346498,666,1771,611,0,33,52%,2.7,0:02:41,0,0,0,0%,4546,3375,690,560,590,488,84,68,4408,0.94s,54%,2.5,0:02:25
9/4/17,2447,2624,0,6917,74,1279,408502,849,2458,758,0,40,43%,2.9,0:03:08,0,0,0,0%,5271,3865,748,643,786,653,112,80,5121,0.89s,49%,2.6,0:02:36
9/5/17,3904,4243,0,13351,558,1880,949650,1551,5600,1334,0,312,36%,3.6,0:04:34,0,0,0,0%,9846,6708,1451,1213,1811,1398,243,175,9505,0.79s,44%,3.1,0:03:44
9/6/17,4287,4634,0,13697,271,2078,939731,1526,5142,1311,0,271,39%,3.4,0:04:24,0,0,0,0%,10284,7177,1385,1183,1774,1444,254,162,9923,0.78s,45%,3,0:03:23
9/7/17,4541,4949,0,16870,1942,2133,937891,1510,5186,1277,0,390,41%,3.4,0:04:13,0,0,0,0%,11962,8630,3118,2285,1624,1340,166,120,11579,0.74s,43%,3.4,0:03:10
9/8/17,4267,4689,0,13918,141,2038,827859,1413,4471,1185,0,61,41%,3.2,0:03:11,0,0,0,0%,11312,8335,1058,940,1449,1204,99,72,10952,0.72s,43%,3,0:02:57
9/9/17,3041,3285,0,8993,204,1634,566676,934,2673,797,0,37,43%,2.9,0:03:33,0,0,0,0%,6861,4789,1139,1083,948,825,45,38,6642,0.95s,50%,2.7,0:02:53
9/10/17,2337,2581,0,6859,349,1350,480515,796,2140,642,0,39,48%,2.7,0:03:30,0,0,0,0%,5078,3689,1081,1021,662,565,38,30,4929,0.97s,52%,2.7,0:03:06
9/11/17,3993,4446,0,12209,98,2085,795759,1360,4128,1085,0,98,42%,3,0:04:02,0,0,0,0%,10045,7456,751,664,1303,1162,110,73,9724,0.88s,47%,2.7,0:02:59
9/12/17,4138,4625,0,13969,122,2000,893077,1545,4905,1258,0,52,41%,3.2,0:03:23,0,0,0,0%,11758,8708,935,823,1140,1008,136,91,11371,0.82s,43%,3,0:03:13
9/13/17,3981,4339,0,14108,422,1900,930872,1614,5801,1385,0,422,40%,3.6,0:04:13,0,0,0,0%,11227,8027,1156,936,1525,1186,200,126,10896,0.78s,44%,3.3,0:03:35
9/14/17,3717,4056,0,13777,923,1849,840231,1528,6074,1307,0,512,40%,4,0:04:47,0,0,0,0%,10135,6930,1966,1789,1445,1135,231,151,9843,0.8s,46%,3.4,0:03:27
9/15/17,3470,3782,0,12001,415,1797,813597,1426,5254,1219,0,415,41%,3.7,0:04:44,0,0,0,0%,9158,6265,1060,892,1502,1178,281,191,8898,0.78s,48%,3.2,0:03:35
9/16/17,2020,2176,0,5579,73,1154,362850,687,1879,598,0,44,49%,2.7,0:02:54,0,0,0,0%,4387,3234,578,523,533,468,81,59,4253,1s,53%,2.6,0:02:47
9/17/17,2009,2148,0,5519,44,1110,339392,657,1802,586,0,44,49%,2.7,0:02:40,0,0,0,0%,4290,3181,515,431,662,570,52,41,4158,1.16s,52%,2.6,0:02:38
9/18/17,3842,4207,0,13308,497,1901,936588,1471,5921,1219,0,497,37%,4,0:04:59,0,0,0,0%,10011,6859,1305,1086,1753,1389,239,177,9662,0.75s,45%,3.2,0:03:43
9/19/17,3559,3839,0,12635,487,1692,834717,1380,5760,1200,0,487,38%,4.2,0:04:53,0,0,0,0%,9487,6460,1322,1081,1555,1220,271,195,9152,0.79s,44%,3.3,0:03:37
9/20/17,3752,4073,0,13874,635,1889,977935,1491,5904,1276,0,435,39%,4,0:05:16,0,0,0,0%,9698,6663,2300,2092,1638,1270,238,179,9366,0.8s,46%,3.4,0:04:00
9/21/17,3620,3933,0,16234,3248,1842,908160,1465,5746,1246,0,607,39%,3.9,0:05:09,0,0,0,0%,9062,6212,5349,3307,1589,1197,234,148,8762,0.71s,47%,4.1,0:03:51
9/22/17,3192,3449,0,10659,447,1614,775242,1274,4606,1109,0,447,39%,3.6,0:04:51,0,0,0,0%,8043,5554,1001,866,1428,1084,187,129,7775,0.77s,47%,3.1,0:03:45
9/23/17,2094,2234,0,5474,35,1207,315663,662,1825,592,0,35,47%,2.8,0:02:52,0,0,0,0%,4254,3148,562,497,582,498,76,57,4152,0.86s,54%,2.5,0:02:21
9/24/17,2006,2141,0,5660,77,1146,338453,639,1786,561,0,65,48%,2.8,0:02:45,0,0,0,0%,4364,3169,595,487,625,521,76,58,4202,0.85s,54%,2.6,0:02:38
9/25/17,4003,4419,0,13936,494,2037,1051434,1612,6339,1351,0,494,39%,3.9,0:05:10,0,0,0,0%,10222,7218,1427,1244,2013,1485,274,180,9927,0.76s,46%,3.2,0:03:58
9/26/17,3801,4124,0,15185,2109,1891,975753,1467,5851,1257,0,532,38%,4,0:05:33,0,0,0,0%,9844,6955,3397,2420,1705,1303,239,176,9561,0.74s,46%,3.7,0:03:57
9/27/17,2801,3055,0,10169,539,1485,692297,1146,5015,969,0,539,42%,4.4,0:05:34,0,0,0,0%,7614,4984,1021,866,1291,957,243,161,7358,0.72s,49%,3.3,0:03:47
9/28/17,3203,3489,0,12003,598,1585,822865,1287,6024,1096,0,598,37%,4.7,0:05:53,0,0,0,0%,8974,5894,1078,908,1672,1157,279,175,8735,0.71s,45%,3.4,0:03:56
9/29/17,3466,3804,0,11749,476,1842,974260,1349,5415,1128,0,476,42%,4,0:05:49,0,0,0,0%,8839,6320,1199,1002,1495,1098,216,144,8587,0.78s,48%,3.1,0:04:16
9/30/17,2299,2479,0,6008,76,1397,429911,731,1967,637,0,53,50%,2.7,0:03:14,0,0,0,0%,4640,3576,618,538,670,566,80,58,4539,0.96s,56%,2.4,0:02:53
10/1/17,2277,2404,0,6948,1157,1322,421382,694,1786,628,0,21,48%,2.6,0:03:31,0,0,0,0%,4295,3295,1895,1756,677,553,81,57,4195,0.93s,55%,2.9,0:02:55
10/2/17,3869,4219,0,14487,505,1963,1216641,1474,6783,1255,0,505,39%,4.6,0:06:53,0,0,0,0%,11093,7758,1309,1105,1827,1386,258,188,10706,0.77s,47%,3.4,0:04:48
10/3/17,3936,4320,0,14387,466,2112,1175443,1573,6899,1314,0,466,43%,4.4,0:06:18,0,0,0,0%,10830,7576,1516,1169,1744,1280,297,187,10510,0.83s,49%,3.3,0:04:32
10/4/17,3766,4091,0,12710,480,2007,1021748,1514,5806,1296,0,480,42%,3.8,0:05:59,0,0,0,0%,9305,6495,1533,1197,1591,1224,281,169,9044,0.81s,49%,3.1,0:04:10
10/5/17,3650,3976,0,12324,512,2004,1009705,1432,5691,1224,0,512,43%,4,0:05:57,0,0,0,0%,9339,6427,1209,1017,1537,1139,239,169,9010,0.81s,50%,3.1,0:04:14
10/6/17,3648,3944,0,11212,484,2125,913867,1329,4920,1147,0,484,47%,3.7,0:05:18,0,0,0,0%,8448,5952,1226,1017,1335,993,203,139,8201,0.78s,54%,2.8,0:03:52
10/7/17,2773,2982,0,6839,380,1809,463684,877,2019,780,0,29,58%,2.3,0:02:48,0,0,0,0%,4974,3871,1155,1054,610,532,100,70,4835,1.13s,61%,2.3,0:02:35
10/8/17,3357,3703,0,7461,65,2412,528682,1275,2619,1097,0,56,64%,2.1,0:02:31,0,0,0,0%,5943,4726,741,635,655,559,122,61,5794,1.09s,65%,2,0:02:23
10/9/17,4029,4439,0,15791,2591,2197,1114268,1708,6227,1437,0,584,43%,3.6,0:05:26,0,0,0,0%,9971,6920,3848,2534,1702,1270,270,174,9712,0.8s,49%,3.6,0:04:11
10/10/17,3820,4169,0,13124,535,1959,1077042,1553,6179,1307,0,535,40%,4,0:05:43,0,0,0,0%,9625,6704,1394,1127,1862,1350,243,179,9327,0.82s,47%,3.1,0:04:18
10/11/17,3705,4020,0,12214,476,1930,1073622,1435,5389,1230,0,476,40%,3.8,0:06:02,0,0,0,0%,8899,6200,1545,1314,1523,1152,247,171,8563,0.77s,48%,3,0:04:27
10/12/17,3656,3977,0,12997,586,1865,1098419,1405,5694,1208,0,586,39%,4.1,0:05:59,0,0,0,0%,9319,6322,1754,1410,1664,1210,260,169,9035,0.77s,47%,3.3,0:04:36
10/13/17,3138,3377,0,9950,434,1625,851801,1209,4448,1056,0,434,42%,3.7,0:05:46,0,0,0,0%,7286,5190,1111,948,1330,1032,223,144,7098,0.86s,48%,2.9,0:04:12
10/14/17,2076,2233,0,5245,36,1231,367914,678,1752,596,0,28,47%,2.6,0:03:23,0,0,0,0%,3961,3052,612,524,553,477,119,70,3871,1.02s,55%,2.3,0:02:45
10/15/17,2184,2351,0,5960,40,1287,447791,723,1898,625,0,40,51%,2.6,0:03:28,0,0,0,0%,4593,3440,680,595,633,539,54,45,4411,0.87s,55%,2.5,0:03:10
10/16/17,3741,4076,0,13078,549,1815,1085901,1477,5885,1258,0,549,39%,4,0:05:47,0,0,0,0%,9776,6698,1287,1061,1773,1364,242,177,9449,0.82s,45%,3.2,0:04:26
10/17/17,3550,3875,0,12911,511,1740,1031862,1474,6309,1263,0,511,39%,4.3,0:05:57,0,0,0,0%,9597,6826,1358,1120,1646,1296,310,203,9311,0.8s,45%,3.3,0:04:26
10/18/17,3331,3612,0,11492,426,1700,926847,1321,4954,1137,0,426,40%,3.8,0:05:10,0,0,0,0%,8468,5852,1259,1094,1510,1172,255,158,8191,0.78s,47%,3.2,0:04:17
10/19/17,3415,3704,0,11637,287,1701,939838,1349,4963,1146,0,287,39%,3.7,0:05:25,0,0,0,0%,8701,5964,1175,961,1497,1139,264,154,8435,0.76s,46%,3.1,0:04:14
10/20/17,3133,3390,0,10028,429,1658,863385,1177,4344,1025,0,429,43%,3.7,0:05:36,0,0,0,0%,7340,5185,1150,953,1337,1022,201,118,7160,0.79s,49%,3,0:04:15
10/21/17,2035,2187,0,5267,50,1202,402343,660,1675,578,0,50,51%,2.5,0:03:25,0,0,0,0%,4002,2981,580,482,592,517,93,64,3890,0.99s,55%,2.4,0:03:04
10/22/17,2065,2196,0,5266,28,1191,389254,659,1760,595,0,23,49%,2.7,0:03:29,0,0,0,0%,4006,2988,626,532,572,495,62,51,3905,0.9s,54%,2.4,0:02:57
10/23/17,3787,4091,0,12906,541,1899,1020713,1451,5949,1249,0,541,38%,4.1,0:05:52,0,0,0,0%,9688,6597,1279,1083,1696,1299,243,149,9431,0.78s,46%,3.2,0:04:10
10/24/17,3765,4070,0,13204,590,1931,1041458,1429,5400,1234,0,475,37%,3.8,0:05:18,0,0,0,0%,9816,6566,1400,1111,1730,1297,258,165,9515,0.82s,47%,3.2,0:04:16
10/25/17,3731,4056,0,12520,531,1890,1084518,1431,5555,1209,0,531,39%,3.9,0:06:03,0,0,0,0%,9371,6472,1244,1088,1677,1274,228,166,9099,0.78s,47%,3.1,0:04:27
10/26/17,3395,3687,0,12702,577,1684,1064255,1363,5556,1159,0,577,38%,4.1,0:06:11,0,0,0,0%,9526,6175,1422,1246,1525,1148,229,167,9225,0.74s,46%,3.4,0:04:49
10/27/17,3077,3345,0,10995,688,1589,898086,1204,5166,1026,0,688,41%,4.3,0:06:13,0,0,0,0%,8100,5467,1407,1254,1303,1008,185,125,7792,0.87s,48%,3.3,0:04:28
10/28/17,2121,2270,0,6335,378,1272,480296,688,2055,601,0,174,49%,3,0:04:03,0,0,0,0%,4162,3074,1485,1367,571,482,117,59,4058,0.97s,56%,2.8,0:03:32
10/29/17,3034,3232,0,7519,66,1810,624016,745,2015,638,0,33,53%,2.7,0:03:34,0,0,0,0%,5777,4487,946,825,678,582,118,73,5601,0.9s,56%,2.3,0:03:13
10/30/17,3833,4168,0,13176,596,1962,1162051,1438,5941,1224,0,596,40%,4.1,0:06:27,0,0,0,0%,9755,6629,1463,1195,1704,1274,254,175,9522,0.79s,47%,3.2,0:04:39
10/31/17,3496,3789,0,12002,583,1768,990223,1381,5139,1196,0,583,41%,3.7,0:05:42,0,0,0,0%,9093,6217,1116,942,1577,1219,216,146,8830,0.81s,47%,3.2,0:04:21
11/1/17,3512,3847,0,12509,565,1754,1054857,1454,5212,1247,0,308,42%,3.6,0:05:13,0,0,0,0%,9376,6249,1228,1045,1590,1255,315,184,9121,0.76s,46%,3.3,0:04:34